1839 3009
541 91 582 81 ÍNDICE

344 182 30 49 DE
419 183 56 52 LOS
523 183 180 54 TRABAJOS
744 185 239 51 CONTENIDOS
1028 186 26 49 EN
1099 187 79 48 ESTE
1230 188 86 46 TOMO

1477 287 50 41 fetísu

113 356 809 51 Sobre el drama lírico nacional, por Julio Gómez

673 330 134 40 Numero
845 332 0 39 !
874 332 145 40 (Enero).

122 389 67 44 Ideas
222 391 0 42 y
251 392 203 45 comentarios,
478 396 38 41 por
548 398 103 41 Joaquin
684 401 38 39 Nin
751 402 230 42 (continuación)

128 427 93 42 Acerca
252 430 20 40 de
303 431 19 39 un
353 432 132 40 articulo,
508 435 39 38 por
575 437 25 37 F.
623 438 163 38 Gascue.

127 458 157 47 Recuerdos
312 465 19 41 de
368 467 156 44 Beethoven

126 493 198 54 Necrología.

126 529 172 48 Movimiento
339 533 110 46 musical
474 535 19 45 en
528 536 100 45 España
663 538 0 44 y
691 539 22 43 el
735 539 185 46 Extranjero.
952 543 110 43 Bilbao,
1090 545 38 42 pot
1162 546 13 42 l.
1209 547 123 43 Zubialde
1369 550 0 40 y
1410 550 29 41 N.

176 575 21 38 de
237 576 30 38 T.;
293 576 171 40 Barcelona,
488 578 38 38 por
558 578 27 39 V.
606 579 0 38 M
662 579 19 39 de
710 580 110 39 Gibert;
844 581 126 40 Madrid,
988 582 40 39 por
1055 583 35 39 M.
1109 583 149 40 Salvador;
1285 585 91 39 Paris,
1395 586 40 39 por

168 610 278 38 Joaquín Turina

127 634 139 48 Noticias.

128 670 210 54 Publicaciones
368 673 149 57 recibidas,
540 676 42 51 por
609 680 12 48 l.
647 679 71 52 Z..

125 748 83 43 Sobre
238 751 20 41 el
280 752 84 42 drama
400 754 127 43 nacional
549 758 205 43 (conclusión),
776 763 40 39 por
858 765 53 39 Julio
942 767 140 40 Gómez.

635 728 416 42 Número 2 (Febrero).

1518 687 21 46 23

129 789 89 37 ¿Piano
249 791 10 35 ó
285 792 116 37 Clave?,
423 794 41 36 por
502 796 101 36 Joaquin
637 798 36 36 Nin

118 815 605 52 La Primera Sinfonía de Beethoven

117 855 1335 62 Movimiento musical en España y el Extranjero. Rilbao, por I. Z.; Barcelona

162 896 1220 56 por V. M. de Gibert; Madrid, por E. M. S.; Paris, por Joaquín Turina.

129 919 170 48 Noticias.

129 992 29 47 El
182 990 132 51 Catátogo
345 994 121 49 General

652 979 381 44 Número 3 (Marzo)

1521 944 23 41 45

132 1034 124 45 ¿Pedrell
277 1038 151 48 plaglario?
456 1042 37 42 por
525 1043 1 44 N
584 1045 103 46 Otaño,
714 1047 0 39 S

118 1063 853 65 Un festival musical en Inglaterra, por Luis Millet

120 1099 909 67 ldeas y Comentarios (continuación), por Joaquín Nin.

117 1141 1335 64 Movimiento musical en España y el Extranjero, Bilbao, por l. Zubialde; Barce¬

183 1181 79 42 lona,
285 1183 28 40 V.
333 1184 36 40 M.
389 1185 20 40 de
440 1186 110 41 Gibert;
573 1188 92 41 Gijót,
688 1190 41 40 por
758 1191 117 42 Bu-Har;
899 1193 126 42 Madrid,
1049 1196 40 40 por
1116 1197 99 41 Cecilio
1244 1199 21 40 de
1295 1200 83 41 Roda;
1402 1202 42 40 Za¬

186 1216 129 51 ragoza,
333 1220 44 48 por
405 1222 38 46 Z.;
467 1224 74 45 Paris
581 1227 44 43 por
653 1228 106 43 Joaquin
800 1232 87 40 Turina

131 1249 120 43 Noticias

133 1283 165 55 Necrologia

1523 1303 18 42 79

120 1364 557 48 Orientaciones, por Rogelio Villar

685 1339 341 53 (Abril) 4 Número

133 1400 80 47 Sobre
242 1402 19 39 el
287 1403 131 44 Catálogo
450 1406 128 47 general,
601 1408 38 46 por
668 1409 29 44 F.
720 1410 73 42 Calés
825 1412 0 39 y
858 1412 54 38 Pina

135 1433 23 43 La
188 1433 100 45 Capilla
322 1432 123 48 Imperial
469 1435 83 47 Rusa,
579 1438 43 45 por
656 1441 0 42 I
699 1443 0 41 Z

134 1466 66 44 Ideas
230 1466 0 44 y
264 1467 195 45 Comentarios
486 1472 241 43 (continuación),
751 1477 39 39 por
824 1479 15 37 J.
863 1479 78 38 Nin.

120 1501 1334 56 Movimiento musical en España y el Extranjero, Bilbao, por l. Zubialde; Barce¬

187 1537 76 39 lona,
285 1539 40 38 por
355 1540 26 38 V.
403 1541 37 38 M.
459 1541 20 39 de
510 1542 109 40 Gibert;
647 1544 121 41 Madrid,
791 1547 39 39 por
858 1548 31 39 C.
911 1549 40 40 R.;
979 1550 151 42 Valencia,
1153 1552 28 41 E.
1203 1553 25 41 L.
1254 1554 59 41 Ch.;
1352 1555 95 43 Parts,

188 1573 37 37 por
256 1573 80 39 Henri
361 1573 105 41 Collet;
494 1573 95 43 Roma,
611 1573 44 44 por
682 1573 27 45 E.
731 1575 142 46 Dagnino.

136 1605 116 46 Noticias

138 1641 208 45 Publicaciones
375 1641 151 46 recibidas,
545 1641 38 47 por
612 1641 13 47 l.
651 1641 0 47 Z

189 1683 0 40 A
225 1682 49 42 este
307 1680 102 45 numero
438 1679 144 47 acompaña
612 1678 19 48 el
654 1685 151 43 «Catálogo
837 1685 115 44 geueral
975 1684 20 45 de
1024 1684 75 46 obras
1129 1684 19 46 de
1181 1683 134 48 concierto
1345 1685 23 47 de
1397 1687 108 46 autores
1531 1693 40 40 es¬

135 1720 144 40 españoles
310 1723 160 40 modernos.

138 1792 26 43 La
193 1790 92 50 müsica
318 1791 107 54 profana
458 1802 18 43 en
505 1792 19 52 el
550 1794 102 50 reinado
682 1800 22 43 de
733 1795 96 48 Carlos
858 1795 15 47 I,
895 1803 40 39 por
965 1799 95 42 Cecilio
1093 1796 85 45 Roda.

691 1766 131 39 Rúmero
862 1766 0 39 5
902 1766 110 49 (Mayo)

123 1832 555 46 ¿Piano ó Clave? por Joaquin Nin

1513 1803 34 43 109

139 1863 24 46 La
192 1864 15 45 IX
242 1865 121 45 Sinfonia
392 1867 21 43 de
445 1867 173 44 Beethoven,
642 1870 41 41 por
712 1871 83 40 Mateo
827 1872 29 39 H.
877 1873 138 39 Barroso.

1511 1838 38 45 117

140 1905 162 40 Apropósito
331 1907 40 40 del
394 1907 133 43 Catálogo
555 1909 135 44 General,
712 1910 41 44 por
781 1911 122 46 Conrado
935 1912 41 44 det
998 1913 97 41 Campo

1513 1870 36 45 118

137 1935 175 47 Movimiento
346 1942 112 40 musical
480 1939 20 43 en
534 1939 100 43 España
669 1947 0 43 y
698 1947 17 43 el
740 1947 184 42 Extranjero.
949 1939 110 48 Bilbao,
1080 1937 39 49 por
1144 1940 14 45 l.
1180 1937 145 48 Zubiaide;
1350 1938 99 45 Barce¬

1511 1907 40 52 122

190 1975 76 43 lona,
287 1976 42 43 por
354 1977 29 43 V.
404 1977 36 45 M.
458 1978 25 44 de
511 1978 108 47 Gibert;
646 1979 120 49 Madrid,
789 1981 40 48 por
856 1981 107 47 Miguel
983 1983 147 44 Salvador;
1153 1984 171 48 Zaragozd,
1344 1986 40 42 por
1411 1987 36 39 L.;

196 2004 155 49 Bruselas,
372 2011 40 44 por
442 2009 99 52 White;
576 2011 88 54 Paris,
685 2017 43 48 por
755 2013 27 53 H.
804 2014 93 51 Collet

127 2037 143 45 Noticias

1512 2017 34 45 124

139 2068 215 53 Publicaciones
386 2082 131 46 recibidas

1511 2049 40 50 134

1514 2089 31 45 135

141 2150 26 44 La
193 2153 98 43 música
317 2153 110 55 profana
457 2162 18 46 en
505 2158 22 50 el
549 2160 102 48 reinado
683 2169 20 39 de
735 2169 92 39 Carlos
859 2164 12 49 I,
895 2166 40 50 por
963 2163 96 45 Cecilio
1095 2166 84 43 Roda.

695 2136 133 42 Número
866 2136 0 43 6
904 2136 123 47 (Junio)

130 2188 946 65 Sobre el Catálogo General, por Francisco Calés y Pina

1514 2161 38 52 138

140 2218 70 47 ldeas
242 2224 2 42 y
269 2225 196 48 Comentarios

1516 2199 35 44 145

143 2260 176 50 Movimiento
348 2268 115 45 musical
484 2269 22 45 en
535 2265 101 51 España
670 2275 1 42 y
701 2275 21 43 el
744 2276 183 45 Extranjero.
950 2276 109 45 Bilbao,
1078 2276 43 45 por
1144 2266 16 54 l.
1182 2263 141 57 Zubialde;
1349 2270 106 50 Barce¬

1513 2236 38 45 147

183 2298 1276 59 lona, por V. M. de Gibert; Oviedo, por X; San Sebastián, por Lushe-Mendi;

199 2330 151 52 Vatencia,
372 2337 42 47 por
440 2334 118 54 Eduardo
592 2344 26 46 L.
640 2343 154 52 Chávarri;
818 2342 136 52 Burdeos,
978 2352 41 40 por
1047 2343 16 48 J.
1087 2344 104 54 Daene;
1215 2343 133 56 Londres,
1368 2349 40 52 por
1436 2352 16 50 J.

198 2368 161 57 Olavarria;
385 2375 91 50 Paris,
495 2378 41 47 por
563 2381 87 44 Henri
669 2384 90 49 Collet

145 2401 168 47 Necrología

1513 2380 35 46 150

148 2434 117 53 Noticias

1517 2418 40 44 164

146 2472 210 51 Publicaciones
385 2480 132 47 recibidas

1516 2452 39 48 161

1516 2490 35 44 163

535 2947 0 56 o
589 2947 214 56 Biblioteca
845 2945 190 57 Nacional
1066 2950 30 51 de
1138 2947 149 54 España
