1789 2895
797 162 0 33 -
847 153 47 50 I0-

254 239 1206 100 RECUERDOS DE BEETHOVEN

191 442 120 43 Algunos
339 442 111 43 criticos
474 442 40 43 han
545 441 135 44 suscitado
714 441 215 44 recientemente
960 441 9 44 la
1000 441 132 44 exactitud
1163 441 21 44 de
1215 440 31 45 los
1273 440 74 45 datos
1387 440 154 45 referentes
1568 440 10 45 á

120 487 1466 40 la impresión que hizo el estreno de la IXª Sinfonía y si Beethoven pudo ó no escu¬

136 525 107 47 charla.

189 580 51 39 Con
269 580 51 39 este
352 580 93 39 motivo
477 580 16 39 se
525 580 131 39 recuerda
686 580 42 39 que
758 580 18 39 es
806 580 160 39 terminante
998 580 11 39 la
1038 580 171 39 declaración
1241 580 19 39 de
1289 580 21 39 un
1337 580 96 39 testigo
1463 580 114 39 presen¬

119 614 884 50 cial publicado en Allgemeine Musikzeitung en 1907.

189 669 25 41 En
247 669 49 41 esta
326 669 71 41 fecha
427 669 115 40 contaba
572 669 82 40 Mme.
676 669 123 40 Grebner
827 669 22 40 92
876 669 76 40 años,
974 670 20 38 su
1024 670 123 38 memoria
1188 670 35 38 era
1259 670 161 38 felicisima,
1450 670 0 37 y
1483 670 90 37 recor¬

119 714 1192 40 Daba que fue cantora en los coros de la Novena cuando fue estrenada.

151 762 1438 38 La señora Grebner tenía entonces 16 años y recuerda perfectamente la impresión.

122 805 1470 40 trájica que Beethoven produjo en sus intérpretes. Habíase sentado el día del estreno

138 850 16 41 en
189 844 77 47 medio
298 845 20 46 de
346 845 33 45 los
407 846 199 44 ejecutantes,
625 848 23 42 de
680 849 122 40 espaldas
831 848 19 41 al
872 842 126 47 público,
1020 843 0 46 y
1052 844 99 44 trataba
1184 845 19 43 de
1238 846 32 42 oir
1299 847 71 41 algún
1402 848 109 40 sonido;
1543 849 41 38 pa¬

122 897 1462 40 saba las hojas de su partitura como si fuera siguiendo la ejecución... pero se notó bien

119 932 1465 52 pronto que no las regresaron apropiadamente. Cuando al final hubo terminado, aún seguía

137 984 132 40 volvendo
304 986 89 40 hojas.

167 1022 1416 50 Entonces, alguien le tocó en el hombro (l) y al volverse Beethoven vio las manos.

136 1076 41 41 que
205 1072 163 45 aplaudian,
390 1072 31 44 los
450 1071 129 45 pañuelos
607 1073 41 42 que
679 1069 144 46 saludaban
858 1079 0 36 y
889 1079 16 36 se
937 1069 116 45 inclinó.

176 1121 1416 41 El efecto de esta primera ejecución fue inmenso: los «bravos» surgían en medio de

142 1167 32 42 los
202 1167 153 42 diferentes
383 1167 190 41 fragmentos;
604 1167 12 40 la
647 1167 187 40 introducción
874 1166 20 40 de
931 1166 32 40 los
991 1166 121 40 timbales
1144 1166 17 40 en
1198 1166 17 39 el
1241 1166 112 39 scherzo
1385 1166 17 39 se
1430 1166 153 39 consideró

139 1214 65 38 como
237 1214 21 38 un
290 1214 72 38 rasgo
396 1214 18 38 de
446 1214 73 38 genio
555 1214 0 38 y
584 1214 127 38 provocó
732 1214 21 38 un
784 1214 151 38 entusiasta
963 1214 131 38 aplauso.

191 1256 30 38 Un
256 1256 32 38 dia
330 1256 40 38 que
400 1256 10 38 la
443 1256 117 39 señorita
589 1256 126 39 Grebner
742 1256 18 39 se
790 1256 115 39 paseaba
934 1257 37 38 con
1004 1257 58 38 unas
1097 1257 99 38 amigas
1225 1257 40 39 por
1292 1257 19 39 el
1338 1257 125 39 Graben,
1482 1257 43 39 una
1554 1257 19 39 de

139 1298 56 44 ellas
227 1297 135 45 exclamó:
387 1297 94 44 «Mirad
513 1301 12 40 á
544 1296 198 45 Beethoven».
770 1296 79 44 Todas
877 1297 19 43 se
934 1298 160 42 detuvieron
1135 1300 56 39 para
1229 1295 69 44 verle
1326 1304 98 35 pasar,
1452 1304 122 34 contem¬

139 1347 122 47 plándole
293 1347 38 46 con
363 1347 125 46 respeto,
514 1347 0 46 y
546 1347 19 46 él
587 1347 10 45 á
616 1347 19 45 su
668 1347 57 45 vez,
748 1347 112 45 también
889 1347 19 44 se
937 1347 64 44 paró
1023 1347 10 44 á
1055 1347 122 44 mirarlas
1202 1347 39 43 con
1273 1347 38 43 sus
1340 1347 83 43 lentes
1455 1347 0 42 y
1484 1347 93 42 siguió

138 1397 74 37 luego
243 1397 18 37 su
294 1397 120 37 camino.

175 1439 1416 40 Era muy raro verle por la calle. En cambio á Schubert se le veía frecuentemente

134 1485 135 44 paseando
303 1485 40 43 por
371 1485 31 43 las
429 1483 243 45 fortificaciones,
702 1483 40 44 por
779 1483 31 43 los
841 1482 135 44 jardines,
997 1482 13 43 ó
1031 1482 18 43 en
1080 1481 31 44 los
1142 1481 122 44 teatros,
1295 1480 19 44 su
1353 1480 80 44 buena
1464 1479 55 45 cara
1547 1479 21 44 de

136 1527 89 40 vienés
254 1529 94 40 jovial.

173 1574 1418 43 Un día en que recientemente la señora Grebner felicitó á Weintgarner por un eje¬

123 1611 877 53 Cución de la V.ª Sinfonía y éste replicara modesto:

192 1664 77 39 -Las
296 1664 131 40 sintonías
456 1665 22 39 de
510 1665 157 39 Beethoven
702 1665 37 40 son
771 1666 19 39 el
814 1666 149 39 Evangelio
993 1666 21 39 de
1043 1666 32 40 los
1105 1667 136 39 músicos.

193 1709 68 37 Hubo
292 1710 20 37 de
343 1710 96 37 decirle
470 1710 10 38 la
510 1711 115 37 referida
655 1711 114 38 señora:

188 1754 115 38 -Quien
336 1755 104 37 hubiera
470 1755 69 37 dicho
572 1756 33 37 eso
638 1756 20 37 en
688 1756 94 37 tiempo
813 1756 20 38 de
864 1757 157 37 Beethoven
1054 1757 107 38 hubiera
1191 1758 94 37 pasado
1321 1758 43 38 por
1392 1759 71 37 loco.

189 1799 45 39 Por
263 1799 107 39 último,
392 1799 10 39 la
434 1800 91 39 señora
554 1800 126 39 Grebner
717 1800 144 39 pronuncia
891 1801 19 39 el
939 1801 104 39 nombre
1072 1801 22 39 de
1128 1801 158 39 Beethoven
1318 1801 166 40 acentuando
1518 1802 11 39 la
1558 1802 24 39 ó,

135 1849 79 47 según
243 1849 13 40 la
286 1849 157 40 costumbre
475 1848 125 41 vienesa.
619 1848 46 41 Los
695 1848 134 41 alemanes
861 1848 89 41 suelen
982 1848 193 41 pronunciarlo
1218 1847 167 42 aceutuando
1417 1847 10 42 la
1460 1847 111 42 primera

133 1884 108 47 sílaba.

548 2077 615 70 Necrología

186 2258 28 40 Ha
244 2258 98 40 muerto
372 2258 219 40 recientemente
621 2258 19 40 en
671 2258 120 40 Madrid,
813 2258 22 40 un
862 2258 170 40 compositor
1059 2258 115 40 bilbaino
1204 2258 41 40 que
1275 2258 55 40 tuvo
1357 2258 19 40 su
1404 2258 57 40 hora
1491 2258 19 40 de
1543 2258 36 40 ce¬

134 2303 115 40 lebridad
282 2302 68 40 local
375 2302 0 40 y
405 2302 115 40 decierto
553 2301 128 41 prestigio
714 2301 22 40 en
766 2301 33 40 los
826 2301 115 40 círculos
980 2300 145 40 musicales
1160 2300 167 39 españoles.
1358 2299 73 40 Cleto
1478 2299 93 39 Zabala

119 2340 1476 48 fué discipulo de don Nicolás Ledesma y pronto se distinguió de entre el grupo de jóvenes

133 2393 39 38 nes
201 2393 41 38 que
274 2393 88 37 acudía
391 2393 21 37 de
440 2392 53 38 todo
526 2392 19 38 el
568 2392 50 37 país
649 2392 174 37 vascongado
855 2392 10 37 á
886 2392 94 36 recibir
1006 2392 31 36 los
1063 2392 125 36 consejos
1214 2391 21 36 de
1264 2391 75 36 aquel
1365 2391 102 36 insigne
1496 2391 86 35 maes¬

120 2435 1474 46 tro. La composición de una ópera española en un acto, «La hija del pescador», le valió

120 2476 1474 47 una pensión de la Diputación de Vizcaya, con lo que pudo perfeccionar sus conocimientos

136 2531 32 40 tos
196 2531 21 40 en
246 2531 17 40 el
288 2531 152 40 extranjero
472 2531 0 40 y
507 2528 89 43 visitar
624 2521 35 50 los
684 2522 166 49 principales
879 2526 106 44 centros
1017 2520 145 50 musicales
1197 2521 21 49 de
1264 2522 156 48 Alemania,
1452 2526 130 44 Francia,

136 2562 109 48 Bélgica
278 2568 11 43 é
307 2563 89 50 ltalia.

161 2655 25 37 (1)
222 2655 51 38 Fué
290 2656 11 37 la
326 2656 102 38 soprano
453 2657 112 37 Carolina
593 2657 94 38 Unger.

512 2835 0 55 O
565 2835 210 55 Biblioteca
820 2835 194 55 Nacional
1041 2836 30 54 de
1116 2835 146 55 España
