1778 2889
187 280 32 39 De
248 280 80 40 vuelta
358 281 8 39 á
385 281 109 39 Bilbao,
515 281 115 40 después
659 282 22 39 de
710 282 112 39 algunas
849 282 141 40 campañas
1020 283 21 39 en
1068 283 123 40 diversas
1217 284 179 39 poblaciones
1423 288 147 36 españolas

135 322 68 46 como
231 322 117 50 directer
376 322 20 53 de
424 322 160 53 compañías
612 322 20 53 de
664 322 93 53 ópera,
781 322 168 53 contribuyó
973 322 8 53 á
1001 322 12 53 la
1046 322 148 53 formación
1222 322 20 53 de
1274 322 12 53 la
1318 322 133 53 Sociedad
1483 324 96 51 Coral,

138 372 17 37 de
186 372 10 37 la
227 372 40 37 que
298 373 43 37 fué
364 373 17 37 el
402 373 96 37 primer
526 373 117 38 director
673 374 0 37 y
701 374 10 37 á
734 374 10 37 la
775 374 40 37 que
846 374 63 38 guió
930 375 20 37 en
983 375 106 37 muchos
1115 375 152 38 concursos
1290 376 162 38 orfeónicos
1480 377 21 37 en
1531 377 41 37 que

136 420 68 40 salió
229 420 167 40 victoriosa.
423 420 159 40 Trasladada
612 420 19 40 su
661 420 151 40 residencia
842 420 8 40 á
875 420 98 40 Madrid
1004 420 104 40 dirigió
1127 420 41 40 alli
1201 420 112 40 algunos
1346 420 98 40 teatros
1474 420 19 40 de
1526 420 55 40 zar¬

138 467 89 38 zuela,
248 467 19 38 en
299 467 58 38 cuyo
390 467 96 37 género
518 466 16 38 se
566 466 107 38 ensayó
691 466 126 38 diversas
846 466 97 38 veces,
967 466 0 37 y
996 466 19 37 ha
1052 466 99 37 muerto
1191 465 123 38 olvidado
1346 465 22 37 de
1397 465 93 37 todos,
1520 465 59 37 des¬

138 503 61 45 pués
228 504 19 44 de
279 505 38 44 una
349 506 52 43 vida
433 508 67 41 harto
532 509 128 41 azarosa.

193 555 92 42 Zavala
316 555 34 42 era
381 555 19 41 un
431 555 171 41 compositor
627 555 42 41 que
697 555 110 41 conocía
837 555 54 40 muy
922 556 50 39 blen
1003 556 17 39 el
1042 556 163 39 mecanismo
1235 556 20 38 de
1289 556 17 38 su
1336 556 48 38 arte
1423 556 0 37 y
1454 556 17 37 no
1505 556 78 37 care¬

138 598 30 37 cia
200 598 18 37 de
250 598 163 38 invención,
443 599 200 38 manifestando
683 599 99 38 abierta
822 599 139 39 tendencia
993 600 69 38 hacia
1091 600 11 38 la
1134 600 88 39 pompa
1262 600 230 40 meyerbeeriana
1535 601 40 39 que

139 637 85 45 estaba
257 646 19 36 en
309 646 62 37 voga
401 646 19 37 en
450 637 13 46 la
492 637 79 46 época
600 638 20 45 de
649 646 20 37 su
698 646 88 37 mayor
816 638 131 46 actividad
979 638 141 46 artística.
1140 638 62 46 Deja
1238 643 114 42 escrita,
1372 640 108 45 además
1509 639 20 46 de
1558 638 13 47 la

138 693 102 38 citada,
260 693 42 38 uua
331 693 96 38 ópera,
451 693 153 38 «Marcia»,
630 693 131 38 premiada
800 693 21 38 no
852 693 57 38 hace
940 693 40 38 aún
1011 693 109 38 muchos
1157 693 60 38 años
1245 693 19 38 en
1297 693 19 38 un
1347 693 130 38 concurso
1508 693 21 38 de
1563 693 11 38 la

141 734 141 44 Academia
312 733 19 44 de
364 732 43 45 San
439 729 161 48 Fernando,
619 729 43 47 una
691 728 56 48 misa
777 729 9 47 á
806 730 98 46 grande
934 732 147 43 orquesta,
1104 732 39 43 una
1173 727 104 47 marcha
1304 728 19 46 de
1349 729 125 45 carácter
1497 733 85 40 triun¬

137 780 47 41 fal,
203 780 126 41 dedicada
359 780 11 41 á
392 780 11 40 la
433 780 161 40 Diputación
627 780 140 40 vizcaina,
786 780 11 40 á
819 780 16 40 su
868 781 82 38 vuelta
981 781 21 38 de
1033 781 30 38 los
1093 781 60 38 años
1178 781 22 38 de
1227 781 129 38 pensión,
1372 781 126 37 diversas
1526 781 54 37 zar¬

141 828 89 38 zuelas
261 828 0 38 y
289 828 21 38 no
342 828 78 38 pocos
448 828 76 38 coros
553 828 177 38 orfeónicos,
751 828 85 38 siendo
868 828 18 38 el
907 828 39 38 que
974 828 11 38 le
1014 828 41 38 dió
1073 828 89 38 mayor
1188 828 130 38 prestigio
1350 828 20 38 el
1394 828 104 38 titulado
1532 828 42 38 «La

141 873 55 38 caza
227 873 39 38 del
290 873 158 38 corsaríos,
477 872 42 38 que
550 872 112 38 alcanzó
685 872 19 38 el
727 872 97 38 premio
863 872 140 37 destinado
1037 872 8 37 á
1068 872 84 37 elegir
1178 872 10 37 la
1219 871 55 38 obra
1305 871 42 38 que
1386 871 71 37 habia
1488 871 21 37 de
1540 871 36 37 ser

140 916 130 42 lmpuesta
301 916 20 42 en
353 917 37 41 uno
425 917 20 41 de
473 917 32 41 los
534 917 152 41 concursos
712 918 23 40 de
763 918 141 40 Orfeones
933 918 140 40 celebrado
1108 919 17 39 en
1159 919 107 39 Bilbao.

194 961 140 38 Descanse
366 962 21 38 en
418 963 39 37 paz
486 963 20 37 el
527 964 172 38 infortunado
733 965 112 38 artista.

146 1051 730 71 SEZZASNSUEZAASSSNEAASS)
907 1049 664 74 SZCAEAASSEASNSCA

196 1194 291 98 Molimicuto
551 1194 191 101 musical
792 1210 36 80 en
891 1190 163 102 españa
1118 1208 0 83 y
1182 1191 29 98 el
1267 1190 263 102 Extranjero

752 1309 226 34 --

146 1373 158 69 BILRAO

197 1460 28 40 Es
252 1460 41 40 tina
323 1460 121 40 singular
476 1460 96 40 proeza
611 1460 11 40 la
660 1460 41 40 que
739 1460 113 40 realizan
893 1460 71 40 estos
1000 1460 109 40 artistas
1147 1460 41 40 que
1219 1460 95 40 acuden
1345 1460 79 40 desde
1465 1460 27 40 las
1534 1460 49 40 más

146 1499 128 46 opuestas
312 1500 126 45 latitudes
475 1501 10 43 á
516 1502 120 42 reunirse
676 1504 19 40 en
739 1504 19 40 un
799 1500 72 44 punto
906 1497 56 46 dado
1006 1498 0 45 y
1041 1499 19 44 se
1088 1499 104 44 ponen,
1220 1501 75 42 sobre
1327 1502 12 41 la
1371 1502 122 40 marcha,
1524 1504 10 38 á
1556 1505 34 37 to¬

144 1552 37 38 car
209 1552 39 38 una
280 1552 112 38 sonata,
412 1552 128 38 logrando
571 1552 39 38 dar
639 1552 8 38 á
670 1552 19 38 su
720 1552 213 38 improvisación
965 1552 78 38 cierto
1077 1552 148 38 semblante
1254 1552 18 38 de
1303 1552 58 38 cosa
1392 1552 125 38 madura.
1540 1552 50 38 Co¬

145 1593 17 37 sa
193 1593 19 37 es
240 1593 51 38 esta
322 1593 39 38 que
395 1594 114 38 admira,
535 1594 0 38 y
566 1594 8 38 á
596 1594 12 38 la
641 1594 37 39 vez
709 1594 171 40 entretiene,
902 1595 59 39 pues
1000 1595 20 39 es
1045 1595 104 40 curioso
1182 1595 132 41 observar
1348 1595 31 41 las
1407 1596 86 41 luchas
1530 1596 62 41 que,

144 1641 20 37 en
197 1641 20 37 el
240 1641 71 37 fondo
344 1641 20 37 de
392 1641 69 37 estas
491 1641 196 37 ejecuciones,
707 1641 64 37 laten
801 1641 10 37 á
844 1641 76 37 veces
948 1641 69 37 entre
1047 1641 41 37 dos
1116 1641 127 37 criterios
1278 1641 180 37 divergentes
1494 1641 40 37 que
1565 1641 18 37 se

143 1678 144 47 esfuerzan
317 1680 20 45 en
370 1680 121 45 marchar
514 1682 157 42 paralelos.
694 1684 57 40 Así,
771 1684 40 40 por
841 1677 131 47 ejemplo,
995 1678 20 46 en
1049 1679 16 45 el
1089 1679 96 45 primer
1212 1681 90 43 tiempo
1336 1682 20 41 de
1389 1683 10 40 la
1439 1683 91 40 sonata
1560 1685 20 38 en

146 1722 19 46 sí
184 1722 90 46 bemol
297 1724 22 44 de
351 1724 118 44 Mozart,
492 1726 41 41 que
562 1727 157 40 ejecutaron
751 1729 19 38 en
802 1720 106 47 nuestra
950 1720 179 46 Filarmónica
1161 1720 19 46 el
1203 1724 19 42 22
1257 1730 23 36 de
1318 1730 147 36 diciembre
1494 1730 19 35 el
1539 1730 51 35 pia¬

142 1775 62 41 nista
235 1775 98 41 Cortot
361 1775 0 41 y
389 1775 22 41 el
436 1775 132 41 violinista
596 1775 160 41 Farnández
781 1775 121 41 Bordas,
922 1775 16 41 se
966 1775 93 41 notaba
1087 1775 65 41 que,
1168 1775 129 41 mientras
1323 1775 19 41 el
1367 1775 73 41 violín
1471 1775 107 41 parecía

144 1815 81 46 sentir
253 1816 229 45 reposadamente
514 1818 100 42 aquella
645 1820 116 40 música,
783 1820 19 40 el
824 1814 69 46 piano
928 1813 9 46 la
968 1814 176 45 comprendia
1185 1816 50 43 más
1273 1817 131 42 fugitiva,
1426 1819 41 39 por
1495 1820 13 38 lo
1539 1820 41 38 que

141 1860 59 48 cada
229 1860 62 48 uno,
314 1861 20 47 al
357 1862 167 46 apoderarse
553 1863 39 44 del
615 1864 62 43 tema
723 1865 0 42 y
762 1865 36 42 ser
825 1862 19 45 el
867 1858 79 48 dueño
978 1859 20 47 de
1031 1860 10 46 la
1070 1860 154 46 situación,
1256 1862 102 44 tomaba
1391 1864 19 41 el
1433 1864 92 41 tiempo
1557 1866 20 39 de

147 1914 17 39 su
198 1914 196 39 preferencia.

200 1950 17 48 ¿A
253 1951 72 47 quién
354 1950 92 48 seguir
472 1955 20 43 en
525 1950 49 48 este
606 1951 40 47 tira
678 1956 0 42 y
708 1950 92 48 afloja?
829 1950 46 48 Por
901 1952 30 46 mi
953 1950 69 48 parte
1061 1951 69 47 daría
1160 1951 13 47 la
1202 1950 76 48 razón
1307 1950 20 48 al
1353 1951 98 47 violín,
1471 1955 62 43 pues
1562 1958 20 40 no

145 1996 78 50 puedo
254 1997 126 48 soportar
407 2001 51 43 esta
495 1996 82 48 mania
618 2004 17 39 en
676 2004 41 39 que
758 1996 37 47 han
836 1995 58 47 dado
935 1997 34 45 los
1006 1998 119 43 grandes
1163 1993 129 47 pianistas
1319 1994 21 46 de
1370 1995 123 44 ejecutar
1530 1994 58 44 Mo¬

144 2049 54 39 zart
222 2049 11 39 á
254 2049 56 39 paso
339 2049 22 39 de
393 2049 93 39 carga,
508 2049 50 39 bajo
588 2049 123 39 pretexto
748 2049 21 39 de
799 2049 40 39 que
868 2049 38 39 sus
932 2049 91 39 fáciles
1053 2049 88 39 trazos
1168 2049 21 39 de
1221 2049 160 39 mnecanismo
1419 2049 21 39 no
1472 2049 107 39 fuerzan

144 2091 12 42 la
188 2091 160 42 admiración
380 2092 20 41 de
431 2092 32 41 las
492 2092 83 41 masas
604 2092 48 41 más
681 2092 40 41 que
747 2092 232 41 acelerándolos.
1008 2093 58 40 Esto
1109 2093 28 40 me
1175 2093 91 40 parece
1298 2093 166 40 abominable
1510 2094 0 39 y
1548 2094 43 39 en¬

143 2139 107 37 cuentro
284 2139 18 37 no
336 2139 18 37 se
383 2139 50 37 qué
453 2139 21 37 de
503 2139 148 37 cobardía,
672 2139 52 37 aigo
758 2139 39 37 así
818 2139 68 38 como
928 2139 18 38 el
969 2139 52 38 acto
1060 2139 24 38 de
1123 2139 141 38 maltratar
1292 2139 8 38 á
1324 2139 18 38 nn
1376 2139 75 38 niño,
1480 2139 21 38 en
1532 2139 52 38 esta

147 2184 130 38 violencia
309 2184 75 38 hecha
415 2184 19 38 al
457 2184 151 38 candoroso
639 2184 71 38 genio
741 2184 21 38 de
793 2184 174 38 Salzburgo.
988 2184 47 38 Por
1061 2184 125 38 fortuna,
1204 2184 102 38 Cortot
1330 2184 18 38 es
1379 2184 18 38 un
1428 2184 92 38 artista
1548 2184 42 38 de¬

145 2229 115 40 masiado
293 2229 43 40 fino
372 2229 0 40 y
402 2229 183 40 concienzudo
615 2229 55 40 para
698 2229 76 40 hacer
801 2229 52 40 otra
889 2229 57 40 cosa
982 2229 49 40 más
1059 2229 41 40 que
1130 2229 90 40 iniciar
1247 2229 50 40 esta
1327 2229 161 40 tendencia,
1510 2229 68 40 como

146 2270 39 46 nos
218 2267 10 49 lo
261 2267 85 49 probó
368 2268 17 47 al
408 2268 127 47 acentuar
561 2269 255 46 deliciosamente,
833 2270 29 44 sin
895 2270 255 44 precipitaciones,
1179 2272 23 41 el
1225 2272 69 41 ritmo
1323 2273 144 40 ondulante
1496 2273 0 39 y
1529 2274 59 38 gra¬

146 2313 67 47 cioso
247 2312 40 48 del
307 2312 87 48 rondó
417 2312 77 47 final.
514 2312 47 47 Por
587 2312 50 47 otra
668 2313 86 46 parte,
778 2315 33 43 ¡de
841 2316 50 42 qué
911 2313 204 45 conmovedora
1142 2313 104 44 manera
1272 2309 84 48 cantó
1376 2316 10 41 la
1413 2319 96 38 celeste
1543 2319 50 37 me¬

147 2356 64 49 lodia
241 2358 41 47 del
309 2359 171 46 Andantinol

200 2410 27 40 Su
257 2410 162 40 compañero
452 2410 90 40 estuvo
575 2410 109 40 también
717 2410 170 40 sumamente
917 2410 183 40 afortunado,
1133 2410 181 40 fundiéndose
1347 2410 88 40 ambos
1473 2410 52 40 muy
1555 2410 38 40 sa¬

148 2455 253 42 tisfactoriamente
430 2455 20 42 en
482 2455 8 42 la
522 2456 98 41 Sonata
648 2456 20 41 en
700 2456 20 41 do
755 2456 86 41 menor
870 2456 20 41 de
921 2456 181 41 Beethoven,
1125 2456 40 41 que
1197 2456 118 41 formaba
1344 2457 8 40 la
1392 2457 104 40 tercera
1536 2457 57 40 par¬

147 2494 16 46 te
191 2495 41 45 del
255 2496 165 44 concierto.

202 2547 25 40 La
260 2547 118 40 segunda
408 2547 93 40 estuvo
531 2547 126 40 dedicada
687 2547 8 40 á
717 2547 30 40 los
778 2547 87 40 solos,
895 2547 189 40 haciéndonos
1112 2547 32 40 oir
1172 2547 98 40 Cortot
1306 2547 38 40 una
1385 2547 200 40 transcripción

149 2590 61 37 suya
240 2590 18 37 de
288 2590 23 37 un
342 2590 137 38 concierto
512 2591 56 37 para
598 2591 97 37 órgano
728 2591 20 37 de
778 2591 160 38 Friedmann
979 2592 86 37 Bach,
1098 2592 201 37 transcripción
1337 2592 10 37 á
1377 2593 21 37 su
1441 2593 38 37 vez
1517 2593 20 37 de
1568 2593 20 37 un

149 2637 147 38 Concierto
330 2637 53 38 para
417 2637 73 38 violín
520 2637 20 39 de
574 2637 116 39 Vivaldi:
721 2637 13 39 la
764 2637 53 39 obra
857 2637 134 39 conserva
1031 2637 57 39 gran
1128 2627 120 50 vitalidad
1278 2629 10 48 á
1322 2630 73 47 pesar
1422 2632 20 45 de
1475 2633 10 44 la
1519 2634 70 43 fecha

148 2673 20 53 de
199 2680 16 46 su
246 2670 162 57 nacimiento
439 2680 0 48 y
471 2670 31 58 las
530 2673 161 55 vicisitudes
719 2672 20 55 de
770 2675 67 52 tanta
865 2672 224 54 transcripción.
1113 2674 126 51 Después
1266 2678 40 47 nos
1337 2675 59 49 tocó
1420 2675 126 49 Chopin,
1566 2675 31 48 in¬

796 194 0 29 -
849 183 49 39 I1-

505 2829 0 56 O
560 2829 209 56 Biblioteca
812 2828 193 57 Nacional
1033 2828 31 57 de
1108 2829 145 56 España
