1783 2892
207 282 59 48 ¿Por
292 282 49 48 qué
361 284 71 46 todas
462 282 69 48 estas
557 283 193 47 reediciones?
779 282 75 48 ¿Para
884 282 52 48 qué
959 284 105 46 sirven,
1093 289 65 41 como
1191 288 20 42 no
1243 287 40 43 sea
1312 286 56 44 para
1400 285 138 45 propagar
1574 293 19 37 el

149 332 72 39 error
251 332 0 39 y
280 332 120 40 enterrar
430 333 45 39 más
507 333 230 39 profundamente
766 333 11 39 á
798 333 14 39 la
844 333 115 40 verdad?
988 334 40 39 ¿No
1060 334 67 39 seria
1154 334 50 39 más
1234 334 107 39 sencillo
1373 335 160 39 reproducir
1557 335 40 39 so¬

148 377 111 45 lamente
290 378 30 44 las
348 378 138 44 ediciones
514 378 169 44 originales,
708 379 61 43 tales
800 379 67 43 como
907 380 19 42 se
966 380 80 42 hallan
1079 380 19 42 en
1129 380 30 42 las
1190 381 157 41 biblotecas
1387 381 120 41 públicas
1534 382 13 40 ó
1568 382 19 40 en

147 424 31 41 las
206 424 177 41 colecciones
411 425 143 40 privadas?
590 425 62 40 ¿Por
677 425 51 40 qué
750 425 87 40 hemos
865 425 22 40 de
918 426 73 39 tener
1019 426 48 39 más
1095 426 19 39 de
1148 426 42 39 una
1221 426 123 39 veintena
1384 427 22 38 de
1445 427 143 38 versiones

150 462 21 50 de
198 467 11 45 la
254 462 135 50 Fantasía
427 462 163 50 Cromática
625 467 0 44 y
660 464 66 47 Fuga
767 463 21 48 de
819 461 87 50 Bach,
937 470 42 41 por
1014 461 128 50 ejemplo?
1180 461 132 50 Cuestión
1343 470 21 40 de
1392 461 146 49 cantidad,
1565 468 21 42 en

133 509 1471 48 suma, sobre la que es ocioso insistir, y cuyas raíces tal vez alcancen hasta el Antifo¬

152 554 65 50 nario
247 554 21 50 de
298 555 45 49 San
377 556 153 47 Gregorio,
550 557 45 46 que
625 558 17 45 en
673 558 54 45 todo
758 559 92 43 tiempo
884 552 17 50 el
925 552 95 50 cálculo
1054 554 0 47 y
1085 554 14 47 la
1129 555 72 46 razón
1242 556 20 45 de
1293 557 13 44 la
1337 557 89 44 fuerza
1456 558 41 42 han
1538 559 61 41 ven¬

148 603 49 42 cido
230 599 20 46 al
273 600 200 45 sentimiento.

186 652 1418 42 Alguien ha dicho que las virtudes se pierden en el interés, como los rios en el mar.

150 697 55 42 Este
238 697 103 42 alguien
370 697 132 42 conocía,
523 697 249 42 probablemente,
793 697 11 42 á
825 697 97 43 ciertos
948 698 118 42 editores
1092 698 147 42 modernos
1265 698 21 42 de
1315 698 100 42 música
1447 698 150 42 antigua...

340 821 278 80 ACERCA
706 830 61 71 DE
856 830 56 71 UN
1011 820 367 81 ARTICULO

206 957 23 51 La
259 958 127 50 conocida
416 962 97 46 revista
543 961 112 46 musical
677 957 124 50 francesa
842 955 30 52 SI
898 954 0 52 M
950 954 127 52 (Societé
1107 955 213 51 internationale
1358 957 22 49 de
1410 958 134 47 musique)
1571 959 18 46 ha

154 1012 138 48 publicado
333 1012 20 46 en
388 1012 19 46 su
439 1012 109 45 entrega
577 1011 38 45 del
638 1011 134 45 corriente
805 1011 44 43 mes
878 1010 23 43 un
929 1010 109 43 articulo
1070 1009 167 43 interesante
1266 1009 22 41 de
1324 1009 25 41 A.
1372 1008 93 41 Lizes,
1487 1008 106 40 titulado

139 1049 1468 48 «Etapes d’une découvertes». Su lectura me sugiere dos observaciones, que expongo

157 1105 88 38 valgan
277 1105 40 38 por
344 1104 11 38 lo
387 1104 40 38 que
461 1104 88 38 valgan
587 1104 0 38 y
616 1104 27 37 sin
675 1104 10 37 la
715 1103 88 38 menor
830 1103 157 38 pretensión
1016 1103 22 37 de
1070 1103 66 37 estar
1166 1102 19 38 en
1217 1102 10 37 lo
1259 1102 102 37 cierto.

205 1148 27 40 El
254 1148 230 40 descubrimiento
516 1148 86 39 objeto
634 1139 36 48 del
697 1139 127 48 artículo,
847 1142 16 44 es
896 1142 17 44 el
936 1143 19 43 de
988 1143 29 43 los
1047 1137 150 49 armónicos
1227 1138 46 47 más
1302 1140 98 45 graves
1427 1142 42 43 que
1499 1143 19 41 el
1541 1144 53 40 tono

152 1187 191 46 fundamental
369 1190 18 41 de
419 1191 41 40 una
494 1192 79 39 nota.

207 1237 123 41 Después
358 1236 18 42 de
404 1236 117 42 disertar
545 1236 74 42 sobre
650 1236 30 42 las
708 1235 89 43 gamas
828 1235 187 43 harmónicas,
1037 1235 21 42 de
1089 1234 169 43 Pitágoras,
1276 1234 129 43 templada
1430 1233 169 44 (tempérée)

157 1282 0 48 y
186 1277 11 53 lo
230 1277 39 53 que
298 1278 69 51 llama
395 1278 69 51 gama
496 1279 134 49 comática
666 1280 18 47 de
716 1280 11 47 la
756 1280 94 47 música
890 1281 140 45 moderna,
1063 1274 72 52 habla
1171 1275 18 50 de
1232 1276 29 49 los
1290 1277 170 48 harmónicos
1488 1280 116 44 graves,

154 1328 88 42 asunto
274 1328 41 42 que
345 1328 20 42 ha
395 1328 47 41 sido
474 1328 85 41 objeto
589 1328 20 41 de
641 1328 39 41 sus
709 1328 118 41 estudios
859 1328 0 41 y
888 1327 221 41 observaciones
1138 1327 0 41 y
1167 1327 41 41 que
1238 1327 17 41 se
1288 1327 114 41 propone
1432 1327 164 40 desarroliar

139 1373 404 40 en un segundo artículo.

212 1418 111 42 Enuncia
365 1418 17 42 su
423 1418 100 42 opinión
567 1418 18 41 en
623 1418 33 41 los
694 1418 126 41 términos
850 1418 170 41 siguientes:
1044 1418 82 41 «Nada
1158 1418 18 41 ha
1208 1418 174 41 demostrado
1414 1418 71 40 hasta
1514 1418 41 40 hoy
1588 1418 8 40 la

156 1457 73 48 causa
262 1455 19 50 de
310 1456 11 49 la
354 1456 147 49 intensidad
535 1458 36 48 del
597 1459 103 47 llamado
733 1461 88 45 sonido
854 1454 210 52 fundamental
1097 1456 0 50 y
1127 1456 22 50 de
1178 1457 18 49 su
1226 1458 180 49 constitución
1435 1460 170 47 harmónica;

159 1507 15 43 es
212 1503 88 47 decir,
322 1503 16 46 en
372 1504 47 45 qué
441 1504 176 45 condiciones
645 1505 16 43 se
692 1505 85 43 podría
808 1505 104 43 afirmar
940 1506 38 41 con
1012 1506 104 41 certeza
1144 1506 41 41 que
1216 1507 19 39 es
1276 1507 19 39 el
1317 1507 88 39 sonido
1442 1507 157 39 generador

156 1547 20 48 de
208 1547 36 48 sus
274 1547 242 48 manifestaciones
558 1549 134 45 acústicas
722 1549 26 45 El
771 1550 98 44 estudio
898 1550 128 44 profundo
1058 1551 20 43 de
1107 1551 30 43 las
1163 1551 245 43 manifestaciones
1434 1552 164 41 vibratorias

157 1593 21 49 de
216 1594 21 48 un
278 1594 125 48 conjunto
445 1596 21 46 de
504 1596 114 46 cuerpos
656 1598 115 44 sonoros
806 1599 41 43 nos
885 1592 21 50 ha
934 1593 173 49 demostrado
1139 1595 55 47 (con
1225 1596 11 46 la
1264 1596 48 46 sola
1343 1597 118 45 audición
1493 1599 20 43 de
1545 1599 52 43 esas

158 1637 246 50 manifestaciones
432 1639 0 48 y
463 1639 184 48 aplicándoles
675 1641 17 45 el
713 1642 101 44 método
841 1635 150 51 harmónlco
1025 1636 122 50 musical)
1167 1638 42 48 que
1237 1639 17 47 el
1275 1639 87 46 sonido
1389 1640 108 45 llamado
1525 1642 69 43 hasta

159 1683 61 48 aquí
239 1683 189 48 fundamental
454 1684 16 46 es
502 1684 167 46 únicamente
701 1685 16 45 el
736 1686 151 44 harmónico
919 1687 48 42 más
995 1687 100 42 intenso
1124 1688 22 41 de
1175 1688 22 41 un
1226 1688 122 41 conjunto
1377 1689 48 39 muy
1454 1689 141 39 extendido

157 1728 22 48 de
205 1728 189 48 harmónicos,
417 1729 48 46 más
494 1730 96 45 graves
619 1730 0 45 y
657 1730 45 45 más
728 1731 102 44 agudos
859 1731 42 44 que
930 1732 32 42 él.
984 1732 45 42 Por
1055 1732 211 42 consiguiente,
1286 1733 19 41 no
1337 1734 16 40 es
1382 1734 45 39 más
1459 1734 38 39 que
1529 1735 16 38 el
1571 1735 35 38 so¬

159 1781 48 42 nido
240 1780 213 43 predominante
480 1780 21 42 de
528 1780 21 42 un
576 1780 123 42 conjunto
729 1780 18 42 de
774 1779 247 43 manifestaciones
1051 1779 183 42 vibratorias,
1249 1779 0 42 y
1279 1779 12 42 la
1318 1778 84 43 escala
1429 1778 123 42 superior
1576 1778 18 42 de

159 1826 67 39 estas
266 1826 189 39 vibraciones,
487 1826 19 39 es
546 1826 40 39 una
626 1826 88 39 escala
760 1826 125 39 parcial,
914 1826 46 39 más
1000 1826 10 39 ó
1032 1826 85 39 menos
1146 1826 198 39 incompleta».
1376 1826 43 39 «El
1451 1826 144 39 verdadero

162 1868 88 40 sonido
283 1868 219 41 fundamental,
521 1869 11 40 ó
554 1869 85 40 sonido
672 1869 101 40 número
808 1869 0 40 l
836 1869 19 40 de
885 1870 11 40 la
926 1870 88 40 escala
1052 1870 129 40 generail,
1205 1870 66 40 vibra
1307 1870 19 40 en
1367 1870 30 41 los
1435 1871 113 40 graves,
1580 1871 17 40 en

160 1911 21 45 un
212 1908 129 48 intervalo
372 1911 153 45 demasiado
556 1907 121 49 alejado,
698 1909 56 47 para
785 1910 80 46 poder
893 1912 34 44 ser
955 1913 98 43 oído».

214 1958 26 43 No
273 1958 17 43 es
320 1958 29 43 mi
372 1958 136 43 propósito
537 1959 138 42 examinar
699 1959 17 42 el
740 1959 112 42 asunto,
872 1959 56 42 para
955 1960 11 41 lo
996 1960 58 41 cual
1078 1960 106 41 carezco
1213 1960 21 41 de
1263 1960 218 41 conocimientos
1510 1961 91 40 físicos

163 2001 0 50 y
202 2002 159 49 musicales,
396 2006 52 44 pero
479 2000 115 50 siempre
625 1999 90 50 guiado
746 1997 240 52 exclusivamente
1013 2006 42 41 por
1083 2006 27 41 mi
1131 1997 77 50 oído,
1232 1995 55 52 creí
1308 1999 18 47 en
1357 1996 10 50 la
1398 2005 150 41 existencia
1579 1997 21 48 de

156 2050 32 43 los
218 2050 170 43 harmónicos
417 2051 115 42 graves,
553 2051 85 42 objeto
670 2051 41 42 del
741 2051 100 42 estudio
870 2051 21 42 de
923 2052 88 41 Lizes,
1047 2052 0 41 y
1085 2052 20 41 es
1141 2052 67 41 más,
1238 2052 29 41 me
1302 2052 91 41 parece
1435 2053 161 40 percibirlos

160 2090 69 50 como
262 2091 86 49 sonido
381 2093 18 47 de
431 2093 76 47 cierta
536 2094 112 46 relativa
677 2088 152 52 intensidad
861 2091 18 49 en
908 2091 112 49 algunas
1049 2094 162 46 ocasiones.

217 2144 99 39 Cantan
356 2144 40 39 dos
433 2144 110 39 tenores
580 2144 38 39 una
660 2144 83 39 misma
783 2144 128 39 melodía,
940 2144 19 39 en
999 2144 19 39 el
1050 2144 82 39 mismo
1172 2144 51 39 tono
1269 2144 0 39 y
1298 2144 147 39 diapasón;
1469 2144 16 39 el
1509 2144 37 39 uno
1581 2144 18 39 es

146 2185 1468 48 tenor de fuerza ó dramático (helden tenor) y el otro es tenor lírico ó ligero. Pues bien,

164 2226 18 49 el
213 2226 80 49 efecto
335 2227 41 48 que
414 2227 11 48 la
467 2227 187 48 comparación
692 2229 21 46 de
751 2229 84 46 ambas
866 2229 76 46 voces
974 2230 135 45 produce,
1130 2231 21 44 es
1178 2231 42 44 que
1248 2231 17 44 el
1293 2231 73 44 tenor
1390 2232 167 43 dramático,
1581 2233 18 42 de

149 2279 1468 41 voz fuerte é intensa, canta la melodía en texitura más baja que el lírico. La observación

149 2324 1466 42 me parece innegable, pero lo para mí dudoso, es la razón física del efecto mencionado.

149 2366 1468 44 He opinado y opino, que los sonidos del tenor dramático, tensan muchos, y relativa¬

165 2414 80 39 mente
275 2414 139 39 intensos,
436 2414 184 39 harmónicos
653 2414 112 39 graves,
787 2414 126 40 mientras
943 2414 16 40 el
981 2414 74 40 tenor
1085 2414 74 40 ligero
1192 2414 101 40 carecia
1323 2414 19 40 de
1375 2414 80 40 ellos.

221 2458 87 38 Cierto
341 2458 17 38 es
389 2458 39 38 que
459 2458 12 39 la
501 2458 172 39 experiencia
703 2458 20 39 de
751 2458 107 39 nuestro
889 2458 196 40 conocimiento
1124 2459 113 39 sensible
1276 2459 39 39 nos
1352 2459 59 40 hace
1447 2459 160 40 considerar

165 2504 11 39 lo
217 2504 38 39 que
293 2504 17 39 es
345 2504 66 39 alto,
441 2504 11 39 ó
482 2504 79 39 agudo
605 2505 66 38 como
712 2505 49 38 algo
802 2505 47 38 más
884 2505 99 39 ligero,
1004 2505 88 39 menos
1119 2505 99 39 denso,
1240 2505 85 39 menos
1352 2506 123 38 material
1497 2506 19 38 si
1543 2506 58 38 cabe

165 2551 118 40 decirlo,
306 2551 0 40 y
338 2551 17 40 en
386 2551 95 40 cambio
513 2550 17 41 se
562 2550 40 40 nos
630 2550 124 40 presenta
786 2550 238 40 constantemente
1055 2550 9 40 lo
1098 2550 72 40 bajo,
1190 2549 66 41 como
1288 2549 46 40 más
1374 2549 187 40 voluminoso,
1581 2549 20 40 de

167 2594 102 37 colores
296 2594 47 37 más
373 2594 186 38 acentuados,
578 2594 44 38 más
652 2594 140 38 intensos,
811 2594 22 38 de
863 2594 33 39 tal
917 2594 66 39 modo
1016 2594 41 39 que
1087 2594 41 39 por
1156 2594 117 39 analogía
1314 2594 140 40 intuitiva,
1481 2594 41 40 una
1564 2594 41 40 voz

165 2639 107 39 robusta
302 2639 40 39 nos
371 2639 78 40 puede
478 2640 75 39 hacer
579 2640 19 39 el
620 2640 80 39 efecto
729 2640 21 39 de
780 2640 91 39 cantar
895 2641 18 39 en
943 2641 53 39 tono
1026 2641 50 39 más
1100 2641 99 39 grave,
1221 2641 96 39 aunque
1349 2641 19 39 no
1397 2642 59 39 haya
1482 2642 32 39 tal
1536 2642 75 39 cosa.

167 2683 103 48 Posible
299 2684 18 47 es
347 2685 40 46 que
420 2686 15 45 en
468 2678 40 53 ello
538 2678 95 53 estribe
666 2684 18 47 el
706 2678 133 53 diferente
868 2678 84 53 efecto
982 2679 22 52 de
1033 2680 30 51 las
1092 2682 40 49 dos
1165 2683 77 48 voces
1272 2686 18 45 en
1323 2679 140 52 cuestión,
1492 2689 55 42 pero
1580 2689 19 42 no

805 189 130 48 -8-

511 2838 0 47 O
560 2832 214 54 Biblioteca
816 2833 195 54 Nacional
1038 2833 31 54 de
1111 2833 160 55 Españá
