1788 2894
847 137 1 31 -
897 119 55 55 26-

191 213 77 57 Real,
287 213 148 57 propledad
466 213 38 55 del
528 213 93 54 Estado
652 213 116 52 ba패varo,
791 225 39 39 con
861 215 19 52 el
903 219 43 52 que
973 226 19 44 se
1023 215 20 55 ha
1078 216 85 53 venido
1205 217 12 51 a패
1244 226 23 41 un
1306 219 136 48 acuerdo.
1481 220 27 45 En
1546 221 43 43 fin,
1612 226 16 37 se

189 268 112 39 asegura
331 268 40 39 que
403 268 109 40 Strauss
542 269 21 39 ha
592 269 123 39 obtenido
747 269 19 39 el
790 269 131 40 concurso
966 270 21 39 de
1030 270 51 39 Max
1113 270 165 39 Reinhardt,
1308 270 117 40 director
1462 271 41 39 del
1543 271 85 39 Teatro

191 315 102 42 Alema패n
323 315 19 45 de
376 315 107 46 Berli패n,
502 316 39 44 que
572 316 19 44 se
621 316 160 44 encargara패
806 316 18 43 de
867 316 31 43 los
941 317 126 41 cuidados
1106 317 19 41 de
1159 317 9 40 la
1199 317 89 40 puesta
1328 317 18 40 en
1386 317 95 39 escena
1515 318 0 38 y
1543 318 89 37 dema패s

188 360 172 39 menesteres
386 361 235 39 extramusicales
649 362 21 38 de
701 362 11 38 la
743 362 146 39 empresa.

849 416 116 30 --(---

241 464 23 50 Se
294 464 20 50 ha
345 464 120 50 formado
495 465 20 48 en
548 465 104 48 Munich
682 466 40 46 una
755 466 150 46 Sociedad,
942 466 23 45 de
999 467 13 44 la
1042 467 40 44 que
1116 467 96 44 forman
1242 468 71 42 parte
1343 468 30 42 las
1409 468 164 42 principales
1613 469 23 40 fi춻

184 519 78 42 guras
291 518 146 42 musicales
466 518 20 41 de
517 518 12 41 la
560 517 112 42 capital,
692 517 55 41 para
778 517 98 41 erigir,
899 516 20 41 en
950 516 20 41 un
1002 516 74 41 punto
1108 516 20 40 no
1160 515 149 41 designado
1355 515 126 40 todavi패a,
1510 514 20 40 un
1561 514 78 39 edifi춻

186 556 30 48 cio
248 557 141 47 destinado
419 559 9 44 a패
451 560 118 43 grandes
599 554 160 49 audiciones
789 555 19 47 de
838 555 78 47 obras
946 556 150 45 sinfo패nicas
1129 557 0 44 y
1159 558 124 43 corales,
1312 559 20 41 en
1365 559 78 41 forma
1473 560 20 40 de
1525 560 115 39 festiva춻

187 607 28 42 les
246 607 174 42 perio패dicos.
442 607 25 41 Se
498 607 126 41 proyecta
655 607 67 41 darle
753 607 20 41 el
798 607 107 41 nombre
935 607 20 40 de
986 607 247 40 Symphoniehaus
1263 607 0 40 y
1291 607 188 40 considerarlo
1513 607 67 39 como
1608 607 20 39 un

190 644 139 52 bomenaje
357 644 131 51 nacional
509 644 18 50 al
548 646 75 48 genio
655 646 21 47 de
708 643 181 50 Beethoven.

855 709 115 37 -o-8-o-

243 755 31 50 De
305 756 68 49 algu패n
407 758 92 46 tiempo
533 760 10 44 a패
563 760 51 44 esta
642 754 71 50 parte
744 754 17 49 se
791 755 21 48 ha
839 755 89 48 puesto
958 756 21 46 de
1006 756 68 46 moda
1105 757 20 45 el
1142 757 75 45 sacar
1241 757 30 44 las
1302 758 75 43 obras
1404 758 133 43 teatrales
1564 759 21 41 de
1612 760 17 40 su

186 802 134 46 ambiente
349 803 106 45 normal
474 804 58 43 para
564 805 122 42 llevarlas
718 806 9 41 a패
746 807 32 40 los
807 807 106 40 mismos
942 800 13 46 o패
974 800 134 46 ana패logos
1137 802 109 44 lugares
1272 804 41 42 que
1342 805 122 41 aquellos
1496 806 19 39 en
1544 807 42 38 que
1618 808 13 37 la

188 847 88 48 accio패n
306 847 16 48 se
355 848 170 46 desarrolla.
551 849 43 45 Asi
616 849 76 45 ahora
721 850 20 43 se
770 850 128 43 proyecta
927 851 39 41 dar
996 851 19 41 en
1045 844 167 48 Nuremberg
1244 845 39 46 una
1316 847 118 44 original
1457 849 183 42 representa춻

191 892 48 46 cio패n
271 893 19 45 de
326 893 61 45 춺Los
419 894 137 44 Maestros
582 896 176 41 Cantores췉,
778 890 198 47 coloca패ndolos
1005 891 19 45 en
1057 892 176 44 condiciones
1262 894 22 42 de
1316 894 19 42 un
1367 895 126 41 realismo
1531 897 109 38 insupe춻

189 937 88 48 rable.
300 938 0 47 A
340 939 55 45 falta
425 940 23 44 de
477 941 79 43 poder
585 942 39 42 dar
650 935 20 48 el
693 935 95 48 primer
817 936 49 47 acto
899 937 20 46 en
948 937 13 45 la
991 937 91 45 iglesia
1112 938 23 44 de
1164 939 79 43 Santa
1279 939 144 42 Catalina,
1442 941 17 40 se
1495 941 147 40 celebrara패

191 983 48 47 e패ste
271 983 19 47 en
322 984 16 46 el
364 984 103 46 teatro;
489 984 19 45 el
531 985 118 44 segundo
681 985 61 44 sera패
762 986 105 43 delante
896 986 23 43 de
948 987 12 41 la
996 987 54 41 casa
1082 987 19 41 de
1137 988 67 40 Hlans
1239 988 64 40 Sach
1345 989 0 39 y
1387 989 19 39 el
1438 989 103 38 tercero
1569 990 20 37 en
1624 990 10 37 la

190 1029 111 49 pradera
332 1028 136 49 bordeada
496 1032 41 45 por
565 1027 21 50 el
610 1028 108 49 Penitz,
746 1031 35 45 tal
812 1033 69 43 como
913 1025 10 51 la
954 1026 53 49 pide
1034 1025 21 50 el
1080 1026 111 49 libreto.
1222 1031 31 43 De
1295 1024 146 50 realizarse
1483 1033 48 41 esta
1573 1024 70 49 idea,

193 1081 81 42 cuyas
304 1078 177 45 dificultades
511 1078 20 44 de
561 1077 74 45 orden
668 1075 120 47 arti패stico
822 1074 0 48 y
852 1073 70 49 hasta
952 1072 161 49 econo패mico
1146 1073 20 48 no
1199 1074 17 47 se
1246 1075 104 46 ocultan
1380 1077 20 44 al
1420 1077 90 43 menos
1540 1079 107 41 perspi춻

188 1125 63 40 cpz,
272 1124 18 40 se
321 1120 108 44 llevara패
450 1119 9 44 a패
480 1119 84 44 efecto
595 1121 18 41 en
646 1121 18 41 el
688 1122 114 40 pro패ximo
839 1124 114 37 verano.

853 1178 124 41 7-0---

245 1228 26 48 Se
305 1228 147 48 encuentra
485 1229 117 46 enfermo
632 1229 20 46 de
685 1229 40 45 una
755 1229 127 45 paralisis
909 1229 146 45 nerviosa,
1089 1230 43 43 que
1162 1230 97 43 inspira
1289 1230 83 42 serias
1402 1230 191 42 inquietudes,
1623 1231 16 40 el

190 1273 173 50 compositor
390 1275 157 47 Engelbert
571 1272 225 50 Humperdinck.
819 1271 35 50 Sin
891 1273 150 48 embargo,
1068 1278 27 42 las
1126 1270 102 50 u패ltimas
1269 1270 109 49 noticias
1408 1271 21 48 de
1460 1279 17 40 su
1511 1270 122 48 posesio패n

187 1324 20 41 de
240 1324 185 42 Grunewald,
448 1325 81 41 donde
560 1325 17 41 se
607 1325 166 41 encuentra,
795 1326 37 41 son
865 1326 188 41 u패ltimamente
1084 1327 50 40 ma패s
1162 1327 275 41 tranquilizadoras.

852 1371 102 47 --(--

245 1429 100 48 Perosi
367 1429 99 48 trabaja
495 1430 183 46 actualmente
710 1431 19 44 en
758 1431 42 44 una
828 1431 58 44 obra
918 1431 42 44 que
995 1432 51 42 bien
1075 1432 80 42 puede
1187 1432 154 42 calificarse
1383 1433 22 40 de
1447 1433 141 40 patrio패tica
1633 1434 0 38 y

189 1478 94 44 basta,
305 1478 18 43 si
345 1478 16 43 se
396 1477 106 44 quiere,
524 1476 22 44 de
578 1475 197 45 chauvinista.
800 1474 0 45 A
838 1474 9 44 la
879 1473 63 45 serie
973 1473 19 45 de
1023 1473 38 44 sus
1102 1471 109 46 poemas
1252 1471 151 45 sinfo패nicos
1440 1469 192 46 simbolizando

191 1525 30 44 las
257 1525 114 44 grandes
404 1525 72 43 villas
505 1525 145 42 italianas,
669 1525 66 42 como
767 1525 99 41 Roma.
889 1525 114 41 Venecia
1036 1525 0 40 y
1069 1525 163 40 Florencia,
1252 1516 62 48 esta패
1334 1517 147 47 an팪adiendo
1514 1521 39 42 uno
1586 1522 62 40 con춻

193 1564 114 56 sagrado
342 1564 7 54 a패
380 1563 110 55 Tri패poli,
513 1561 232 56 considera패ndola
779 1570 20 44 ya
829 1570 68 44 como
928 1570 42 43 una
1000 1559 57 53 vi패lla
1088 1562 45 49 ma패s
1164 1564 126 46 italtana.

852 1625 118 31 --I--

243 1676 25 50 El
292 1675 94 51 doctor
417 1675 59 51 Otto
507 1676 122 49 Neitzel,
650 1679 73 46 ha패bil
744 1680 132 45 pianista,
900 1674 180 51 renombrado
1119 1673 173 51 compositor
1331 1683 0 41 y
1372 1673 90 51 temido
1494 1676 87 47 cri패tico
1615 1675 18 48 de

194 1725 131 48 Colonia,
345 1725 22 47 ha
396 1726 58 46 dado
489 1726 186 46 u패ltimamente
707 1726 19 45 en
758 1727 122 44 Londres
909 1727 42 44 una
983 1727 176 43 conferencia
1188 1728 73 42 sobre
1300 1728 19 41 el
1348 1728 160 41 humorismo
1540 1729 20 39 en
1595 1729 51 39 mu패춻

191 1770 69 48 sica,
279 1770 33 48 tan
341 1770 131 47 instructi
489 1771 19 46 va
538 1771 68 45 como
636 1771 193 45 entretenida.
851 1772 56 43 Fue패
927 1772 42 42 una
1002 1772 91 42 resen팪a
1123 1773 88 41 ra패pida
1241 1773 19 40 de
1290 1765 29 48 las
1345 1766 49 46 ma패s
1424 1768 121 44 notables
1571 1771 68 40 com춻

193 1822 155 44 posiciones
378 1822 147 43 musicales
554 1821 214 42 humoristicas,
789 1821 79 41 desde
900 1821 12 40 la
941 1820 100 41 famosa
1077 1820 70 40 Fuga
1179 1819 41 40 del
1247 1819 56 40 galo
1344 1819 70 39 hasta
1444 1819 20 38 el
1485 1818 161 39 recienti패si춻

192 1860 29 46 mo
256 1858 163 48 춺Caballero
451 1856 18 50 de
501 1858 10 48 la
543 1857 103 48 Rosav,
667 1855 21 50 de
720 1856 128 49 Strauss.

244 1910 28 41 En
305 1910 128 41 general,
455 1910 49 41 hizo
535 1910 134 41 observar
699 1910 120 41 Neitzel,
844 1910 30 41 los
901 1910 118 41 mu패sicos
1049 1910 39 40 que
1120 1910 39 40 dan
1192 1910 158 40 conciertos
1386 1910 68 40 salen
1495 1910 39 40 con
1564 1910 71 40 caras

192 1948 32 50 tan
256 1948 102 50 serias,
380 1949 39 49 que
450 1949 18 49 se
493 1949 60 49 diria
585 1950 39 48 que
656 1950 14 48 la
698 1950 46 48 risa
772 1951 22 47 no
826 1951 63 47 esta패
907 1951 141 47 permitida
1080 1952 18 46 en
1130 1952 117 46 mu패sica.
1271 1953 43 45 Aun
1346 1954 95 44 cuando
1473 1954 18 44 un
1523 1954 113 44 pianista

192 2003 49 40 toca
274 2003 41 40 una
345 2003 69 40 pieza
444 2003 118 40 co패mica,
594 2003 66 40 como
693 2003 85 40 tantas
808 2003 41 40 que
877 2003 38 40 han
948 2003 96 40 escrito
1074 2003 33 40 los
1137 2003 46 40 ma패s
1211 2003 120 40 insignes
1372 2003 154 40 maestros,
1545 2003 93 40 parece

190 2048 32 40 tan
254 2048 109 40 afligido
396 2048 67 41 como
496 2048 17 41 si
534 2048 109 41 hubiese
675 2048 106 41 perdido
813 2048 9 41 a패
845 2048 42 41 una
919 2048 112 42 persona
1069 2048 21 42 de
1131 2048 17 42 su
1178 2048 117 42 familia.
1322 2048 26 42 La
1378 2048 58 43 obra
1466 2048 88 43 sonri패e
1595 2048 0 43 y
1625 2048 17 43 e패l

192 2094 160 41 permanece
383 2093 152 39 taciturno.

246 2139 97 42 Humor
372 2139 0 42 y
403 2139 78 42 licor,
504 2139 89 42 afirma
621 2139 121 42 Neitzel,
762 2139 106 42 tienen,
891 2139 69 42 hasta
992 2139 77 42 cierto
1101 2139 100 42 punto,
1221 2139 72 42 igual
1316 2139 186 42 significado.
1528 2139 46 42 Los
1603 2139 40 42 an.

195 2184 85 39 tiguos
310 2184 109 39 griegos
452 2183 0 39 y
482 2183 126 39 romanos
638 2183 17 39 se
696 2183 170 39 imaginaban
899 2182 38 40 que
967 2182 22 39 el
1011 2182 137 39 equilibrio
1192 2182 115 39 mental,
1337 2182 0 39 y
1378 2181 216 40 especialmente
1624 2181 11 39 la

194 2226 163 49 produccio패n
389 2224 39 50 del
449 2222 64 51 buen
541 2221 110 52 humor,
672 2222 148 50 dependian
852 2222 22 49 de
905 2223 43 48 una
976 2223 145 47 suficiente
1149 2224 135 45 ingestio패n
1309 2224 21 44 de
1358 2225 92 43 liquido
1482 2225 18 42 en
1532 2225 17 42 el
1571 2226 74 41 cuer춻

192 2277 24 39 po
246 2275 134 41 humano.

248 2318 0 40 A
287 2318 31 40 los
345 2308 205 50 compositores
581 2318 129 40 barrocos
738 2308 20 50 de
790 2309 72 49 Paris
894 2310 27 48 les
953 2310 111 48 gustaba
1095 2312 21 46 el
1137 2312 59 46 buen
1244 2313 142 45 Burdeos,
1411 2315 0 43 y
1442 2316 10 42 a패
1473 2316 160 42 Beethoven

192 2366 19 40 el
238 2366 50 40 vino
318 2366 38 40 del
381 2366 79 40 Rhin.
482 2366 46 40 Los
556 2366 145 40 modernos
731 2366 79 40 beben
840 2366 22 40 de
898 2366 49 40 todo
982 2366 0 40 y
1015 2366 17 40 su
1062 2366 98 40 mu패sica
1188 2366 19 40 se
1237 2366 115 40 asemeja
1390 2366 8 40 a패
1431 2366 16 40 su
1480 2366 101 40 manera
1611 2366 22 40 de

194 2410 100 41 beber.

248 2448 137 53 Conocida
416 2455 38 45 es,
476 2455 57 45 casi
552 2455 42 45 por
625 2447 49 52 todo
708 2445 19 54 el
750 2447 114 52 mundo,
883 2450 12 48 la
925 2445 110 53 historia
1062 2447 23 51 de
1115 2453 12 44 la
1172 2447 73 50 Fuga
1275 2448 42 49 del
1343 2453 76 43 gato,
1450 2451 23 45 de
1499 2447 145 49 Scarlatti;

196 2500 19 38 un
247 2500 53 38 gato
333 2500 40 38 que
405 2500 56 39 hace
493 2501 40 38 una
565 2501 141 38 excursio패n
738 2501 40 38 por
805 2501 21 38 el
848 2501 125 39 teclado,
992 2502 109 38 tocando
1136 2502 147 38 salamente
1315 2502 29 38 las
1374 2502 74 39 notas
1488 2503 115 38 negras,
1635 2503 0 38 y

194 2541 181 50 produciendo
408 2542 20 48 un
472 2542 106 48 extran팪o
622 2542 80 47 tema,
732 2542 40 47 del
805 2543 41 45 que
886 2543 20 45 el
939 2543 170 45 compositor
1149 2544 54 43 tuvo
1233 2544 13 43 la
1276 2544 161 43 ocurrencia
1467 2545 20 41 de
1517 2545 120 41 servirse

193 2593 57 42 para
279 2593 77 42 hacer
382 2593 38 41 una
451 2593 78 41 fuga.
560 2592 55 42 Sino
647 2592 40 41 que
718 2592 69 41 como
819 2592 11 41 la
859 2592 58 41 fuga
948 2592 20 40 es
997 2592 9 40 a패
1032 2592 48 40 tres
1112 2592 98 40 voces,
1244 2592 0 39 y
1282 2591 57 40 cada
1371 2591 40 40 una
1442 2591 21 40 de
1494 2591 61 40 ellas
1583 2591 61 39 con춻

197 2630 73 51 serva
297 2630 20 51 su
348 2631 240 51 independencia,
608 2632 108 51 Neitzel
740 2632 116 51 propone
887 2633 116 51 llamarla
1038 2633 70 51 Fuga
1143 2634 19 50 de
1193 2634 31 51 los
1252 2634 46 51 tres
1329 2635 97 50 gutos.
1457 2635 78 51 Estos
1562 2636 74 50 gatos

511 2834 0 55 O
563 2834 210 55 Biblioteca
818 2834 192 55 Nacional
1040 2835 30 54 de
1115 2835 146 54 Espan팪a
