1774 2886
110 299 127 56 PARIS

169 388 57 41 Todo
259 388 96 41 cambia
385 388 22 40 en
437 388 49 40 este
519 388 110 40 mundo,
650 388 41 39 des
713 388 17 39 fe
763 388 101 39 Múgica
894 388 44 38 que
965 388 19 38 se
1017 388 47 38 nos
1096 388 93 38 vuelve
1220 388 161 37 straussista
1414 388 0 37 y
1447 389 104 35 malhe¬

106 428 77 46 rista,
208 428 67 46 hasta
306 429 21 44 el
349 429 67 44 modo
450 429 22 44 de
499 429 37 44 ser
564 429 21 43 de
616 429 9 43 la
656 430 150 42 Revisra,
840 430 0 41 y
871 430 55 41 para
957 430 190 41 convencerse
1175 431 21 39 de
1227 431 43 39 ello
1304 431 18 39 no
1353 431 40 39 hay
1427 432 49 37 más
1507 432 39 37 que

108 476 47 45 leer
186 478 27 43 las
244 471 180 50 confesiones
448 472 20 48 de
503 471 125 49 Zubialde
659 471 72 48 sobre
765 474 51 45 Max
846 470 106 49 Reger.
989 470 31 49 Me
1057 469 130 49 asombré
1217 469 65 49 tanto
1316 473 17 45 al
1357 469 116 49 leerlas,
1503 479 41 38 que

107 525 195 39 seguramente
342 525 19 38 no
396 525 29 38 me
454 525 166 38 asombraré
652 525 48 38 más
730 525 18 38 el
770 525 34 38 día
834 524 40 38 que
906 524 40 38 vea
975 524 11 38 á
1018 524 37 38 Nin
1087 524 110 38 tocando
1240 524 18 38 en
1301 524 21 38 un
1362 524 118 37 clavecin
1512 524 37 37 sus

110 569 233 38 couperinadas.
370 570 0 37 Y
403 570 19 37 no
455 570 19 38 es
504 570 178 38 ciertamente
723 570 41 39 que
805 570 31 39 mi
866 571 101 39 opinión
1008 571 60 39 esté
1099 571 19 39 en
1159 571 170 40 desacuerdo
1367 572 38 39 con
1438 572 11 40 la
1479 572 80 40 suya,

110 617 60 40 pues
197 617 55 40 para
285 617 49 39 esto
364 616 19 40 se
413 616 164 40 necesitaría
607 616 41 39 que
681 616 19 39 yo
730 615 143 40 conociera
903 615 52 39 algo
985 615 22 39 de
1037 615 49 39 este
1116 615 93 39 autor,
1228 615 60 38 cuya
1321 614 164 39 producción
1518 614 36 38 ra¬

110 654 16 48 ra
158 654 38 48 vez
228 654 68 48 viene
328 655 9 46 á
366 655 93 46 París;
491 655 10 46 lo
533 655 41 46 que
603 655 32 45 me
664 656 132 44 asombró
828 656 41 44 fué
898 656 51 43 más
985 656 51 43 bien
1068 657 13 42 la
1110 657 150 42 sinceridad
1305 657 42 41 del
1379 657 109 41 artículo
1529 658 20 39 en

110 707 120 38 cuestión
264 707 0 38 y
295 707 18 38 su
342 707 245 38 expontaneidad.
613 707 0 38 Y
644 707 52 38 esto
727 707 154 38 demuestra
910 707 166 38 claramente
1107 707 40 38 que
1178 707 18 38 de
1230 707 21 38 un
1287 707 120 38 régimen
1438 707 123 38 discipli¬

112 745 59 48 nado
204 747 124 46 pasamos
358 749 9 43 á
387 750 43 42 una
469 743 137 49 fraternal
642 743 239 48 independencia,
914 743 0 47 y
953 743 43 47 que
1035 743 187 47 convencidos
1261 743 170 46 plenamente
1471 743 39 45 que
1539 743 20 45 el

112 795 91 37 ataque
233 795 130 38 esperado
396 796 20 37 de
449 796 30 37 las
507 796 41 37 mil
571 796 152 38 bayonetas
753 797 20 37 no
809 797 68 37 viene
910 798 41 37 ya,
976 798 0 37 y
1004 798 41 37 que

512 835 71 46 «todo
614 836 61 44 está
697 837 209 43 igual-parece
937 839 40 40 que
1011 840 43 39 fué
1073 840 77 38 ayer»

113 888 68 40 como
211 888 90 40 decían
334 888 30 40 las
397 887 140 40 zarzuelas
567 887 273 40 pseudo-españolas
876 887 22 39 de
928 887 125 39 nuestros
1092 886 115 40 padres,
1228 886 39 40 nos
1305 886 88 40 vamos
1431 886 117 39 alejando

114 926 22 47 de
170 926 9 47 la
211 926 78 47 época
321 927 19 45 en
371 927 41 45 que
440 927 19 45 se
490 927 41 45 nos
559 928 120 43 prohibia
707 928 72 43 tocar
807 928 10 43 á
839 928 72 42 cosas
939 929 44 41 que
1011 929 126 41 parecian
1178 930 131 39 sagradas
1350 930 19 39 en
1400 930 19 39 el
1441 931 113 37 dominio

117 973 119 45 músico,
255 975 107 42 gracias
390 978 9 39 á
421 978 38 39 esa
490 971 126 46 pirámide
647 972 57 44 cuyo
738 972 97 44 vértice
867 973 19 42 es
914 973 22 42 el
958 973 110 42 artículo
1099 974 22 41 de
1156 974 72 40 Villar
1265 975 0 39 y
1297 975 59 39 cuya
1397 975 85 39 última
1510 976 54 37 pie¬

121 1016 36 47 dra
187 1016 20 47 es
237 1016 10 47 la
277 1017 141 46 confesión
451 1017 20 46 de
504 1018 147 45 Zubialde,
668 1018 80 45 cuyos
775 1019 93 45 gustos
895 1019 123 45 confinan
1048 1020 20 44 al
1088 1020 77 44 Norte
1198 1020 37 44 con
1265 1021 120 43 Malher,
1405 1021 160 43 Bruckner,

120 1069 53 40 Max
215 1069 89 40 Reger
336 1069 0 40 y
376 1069 19 39 el
418 1069 105 39 Océano
556 1069 111 39 Glacial
703 1069 104 39 Artico.
830 1059 115 49 ¡Bravo,
968 1060 82 47 amigo
1095 1062 144 45 Zubialde,
1269 1064 19 43 yo
1321 1064 13 43 le
1364 1065 108 41 aplaudo
1504 1066 0 40 y
1544 1067 9 39 le

117 1112 173 40 secundarél

172 1152 23 47 ¿Y
228 1153 47 46 qué
305 1154 64 45 tiene
399 1155 40 43 que
482 1157 37 41 ver
549 1158 50 40 todo
632 1151 50 47 esto
722 1152 41 46 con
793 1153 30 45 las
863 1154 73 44 cosas
966 1156 20 41 de
1020 1149 90 48 Paris?
1146 1150 177 47 preguntará
1343 1153 20 43 el
1393 1154 161 42 impaciente

120 1204 100 43 lector.
243 1204 62 43 Pues
334 1204 41 43 que
404 1204 30 43 me
463 1204 147 43 encuentro
639 1204 182 43 apuradísimo
854 1205 9 42 á
883 1205 76 42 causa
986 1205 20 42 de
1039 1205 50 42 otra
1118 1205 141 42 confesión
1288 1205 0 42 y
1318 1205 73 42 estoy
1420 1205 141 42 retardán¬

118 1244 54 48 dola
203 1244 54 48 todo
288 1245 10 47 lo
332 1245 41 47 que
404 1245 78 47 puedo
513 1246 38 46 con
581 1246 51 46 este
663 1246 106 46 exordio
799 1247 212 46 impertinente,
1034 1248 0 45 y
1065 1248 41 45 que
1133 1248 21 45 al
1174 1248 24 45 fin
1229 1249 99 44 tendré
1345 1249 41 44 que
1413 1249 68 44 decir
1505 1250 61 43 que,

118 1289 10 48 á
148 1289 79 48 pesar
264 1290 21 47 de
315 1290 82 47 haber
421 1290 150 47 prometido
615 1291 17 46 en
663 1291 31 46 mi
714 1291 102 46 crónica
847 1292 119 46 anterior
994 1293 92 45 hablar
1123 1293 174 45 largamente
1328 1294 20 44 de
1382 1294 184 44 «Berenice»,

118 1340 20 37 de
171 1340 152 37 Magnard,
343 1340 28 38 me
404 1341 61 37 será
488 1341 140 37 imposible
658 1341 104 37 hacerlo
793 1341 40 37 por
859 1342 10 37 la
902 1342 106 37 sencilla
1039 1342 76 37 razón
1145 1342 21 37 de
1193 1342 41 37 que
1264 1342 18 37 no
1315 1342 10 37 la
1356 1343 117 37 conozco
1503 1343 63 37 aún.

118 1383 32 45 De
176 1383 41 45 ello
253 1383 60 45 tiene
358 1383 10 45 la
400 1383 71 45 culpa
500 1384 22 44 el
544 1384 154 44 violin-solo
737 1384 22 44 de
791 1384 10 44 la
830 1384 86 44 Opera
945 1384 129 44 Cómica,
1096 1384 10 44 á
1125 1384 71 44 quien
1237 1385 141 43 pregunté
1401 1385 19 43 el
1442 1385 49 43 otro
1523 1385 32 43 dia

121 1430 40 45 por
188 1426 20 49 el
231 1427 77 47 nuevo
341 1430 127 44 estreno.
492 1425 43 48 «Es
562 1427 164 46 tristísimo,
746 1432 30 40 me
803 1423 63 48 dijo,
889 1423 14 48 lo
933 1433 40 37 que
1003 1433 94 37 ocurre
1127 1433 37 36 con
1197 1424 150 45 Berenice,
1367 1431 64 37 pues
1458 1422 33 46 las
1525 1427 43 40 no¬

118 1471 61 47 ches
204 1471 42 47 que
285 1471 19 47 se
333 1472 182 46 representa,
538 1472 16 45 el
586 1472 103 45 público
721 1473 19 44 es
778 1473 183 44 escasisimo,
984 1473 0 44 y
1016 1473 51 44 este
1106 1474 99 43 público
1237 1474 10 42 á
1276 1474 99 42 medida
1404 1475 42 41 que
1478 1475 16 41 se
1535 1475 32 41 vá

118 1524 147 37 enterando
297 1524 22 37 de
359 1524 10 37 lo
399 1524 43 37 que
474 1524 18 38 es
530 1524 10 38 la
570 1524 59 38 obra
671 1524 16 38 se
730 1524 19 38 va
781 1524 160 38 marchando
984 1524 56 38 poco
1075 1524 8 38 á
1115 1524 59 38 poco
1208 1524 0 39 y
1246 1524 211 39 terminaremos
1486 1524 22 39 en
1548 1524 10 39 la

118 1561 49 47 más
197 1562 134 46 completa
370 1563 141 45 soledad.»
540 1565 33 42 Me
609 1566 160 41 concederá
792 1564 20 43 el
844 1560 79 47 lector
952 1561 39 46 que
1031 1562 52 45 esto
1116 1563 19 44 no
1165 1564 19 43 es
1220 1564 56 42 para
1305 1565 99 41 animar
1443 1567 10 39 á
1476 1567 91 39 nadie,

117 1609 46 44 Por
203 1609 10 44 lo
243 1609 108 44 demás,
382 1610 18 43 se
440 1610 80 43 puede
554 1610 116 43 augurar
707 1610 40 43 que
781 1610 169 43 «Berenice»
978 1611 113 42 seguirá
1113 1611 18 42 el
1168 1611 96 42 camino
1307 1611 18 42 de
1362 1612 74 41 otras
1473 1612 89 41 tantas

120 1651 96 46 obras,
246 1651 99 46 hechas
372 1652 68 44 como
477 1652 43 44 ella
550 1653 37 43 con
630 1653 12 43 la
673 1653 80 43 mejor
790 1654 153 42 intención,
965 1654 40 41 con
1035 1655 99 40 buenas
1164 1655 179 40 cualidades,
1370 1656 55 38 pero
1456 1657 40 37 que
1536 1657 21 37 no

118 1694 85 48 tienen
239 1694 59 48 nada
331 1695 20 47 de
383 1695 148 46 teatrales,
554 1697 59 44 pues
642 1698 20 43 el
691 1699 151 42 desarrollo
875 1693 131 47 sinfónico
1039 1699 13 41 le
1081 1698 20 42 es
1130 1696 20 44 al
1173 1693 101 47 público
1317 1693 183 47 indiferente:
1523 1700 40 39 por

121 1748 34 39 eso
199 1747 19 40 yo
249 1745 126 42 continúo
416 1743 135 43 creyendo
582 1742 41 44 que
660 1741 22 45 en
714 1741 19 45 el
755 1739 113 47 dominio
899 1740 41 45 del
959 1740 87 45 drama
1087 1742 113 43 musical
1225 1743 57 42 cada
1323 1744 34 41 dia
1389 1745 91 39 vamos
1514 1746 47 38 más

120 1787 234 48 descaminados,
373 1788 29 46 sin
434 1788 38 46 que
504 1788 54 46 para
590 1789 42 45 ello
664 1789 42 45 nos
735 1789 67 45 sirva
831 1789 22 45 de
882 1790 182 43 escarmiento
1103 1790 32 43 los
1164 1791 208 42 innumerables
1400 1791 125 41 fracasos
1561 1792 9 40 á

123 1835 40 45 que
194 1832 38 48 dan
262 1833 72 47 lugar
364 1834 31 46 los
422 1835 147 45 estrenos,
589 1837 54 43 casi
667 1838 72 42 todos
769 1831 147 49 estériles,
936 1832 21 48 de
987 1833 31 47 los
1045 1833 51 47 tres
1123 1834 103 46 teatros
1253 1835 24 45 de
1311 1836 88 44 Opera
1430 1837 17 43 de
1481 1838 92 42 Paris.

126 1880 3 45 Y
173 1880 12 45 lo
217 1880 62 45 peor
314 1880 41 45 del
377 1880 56 44 caso
471 1880 22 44 es
521 1880 41 44 que
590 1880 32 44 los
650 1880 41 44 dos
728 1880 120 44 caminos
876 1880 41 43 que
945 1880 88 43 siguen
1073 1880 32 43 los
1133 1880 107 43 autores
1281 1880 84 43 llevan
1397 1880 113 42 siempre
1551 1880 18 42 al

121 1932 87 40 mismo
241 1932 47 40 fin,
310 1932 57 40 pues
394 1932 20 40 el
441 1932 180 40 vagnerismo
649 1932 22 40 de
698 1932 153 40 Magnard,
868 1932 19 40 de
919 1932 140 40 Breville,
1075 1932 22 40 de
1127 1932 151 40 Mariotte,
1294 1932 19 40 ha
1341 1932 60 40 dado
1434 1932 19 40 el
1475 1932 84 40 mismo

123 1968 134 48 resultado
291 1969 40 47 que
361 1970 20 45 el
404 1970 181 45 debussysmo
618 1973 20 42 de
672 1973 117 42 Severac
822 1975 0 40 y
852 1967 20 47 de
902 1968 100 46 Ravel.
1026 1969 97 45 ¿Quien
1153 1970 60 44 duda
1243 1971 40 43 que
1333 1972 147 42 Berenice,
1507 1974 60 39 Eros

132 2020 176 43 Vainqueur,
332 2020 123 43 Salomé,
482 2020 20 43 Le
532 2020 76 43 Cur
634 2020 24 43 du
690 2020 97 43 Moulin
823 2020 0 43 y
849 2020 106 43 PHeure
990 2021 179 42 Espagnole,
1187 2021 38 42 son
1258 2021 76 42 obras
1361 2021 88 42 caldas
1472 2021 41 42 que
1543 2021 20 42 no

124 2065 17 40 se
175 2062 157 42 levantarán
365 2060 99 41 jamás?

178 2111 45 40 Los
253 2111 155 40 conciertos
437 2111 141 39 continúan
611 2111 18 39 en
661 2111 160 39 progresión
853 2111 158 39 creciente,
1030 2111 0 38 y
1062 2111 64 38 aquí
1142 2111 24 38 sí
1185 2111 40 38 que
1254 2111 21 38 el
1297 2111 48 38 arte
1377 2111 115 37 musical
1516 2111 56 37 pre¬

123 2150 69 46 senta
224 2152 41 45 una
293 2150 104 47 falange
436 2150 20 47 de
498 2150 108 48 autores
644 2150 139 48 brillantes
825 2154 0 44 y
852 2150 21 49 de
905 2153 41 46 una
978 2150 121 49 vitalidad
1141 2153 55 47 cada
1238 2154 38 46 vez
1318 2156 45 44 más
1401 2151 171 50 acentuada,

123 2203 99 40 aunque
254 2202 20 41 no
306 2201 32 41 sin
370 2200 90 42 tristes
488 2197 183 45 excepciones
700 2196 71 45 entre
803 2195 32 46 las
864 2194 38 47 que
934 2194 77 47 tengo
1043 2195 39 45 que
1114 2196 89 44 contar
1235 2198 42 42 una
1319 2199 160 41 Smphoniey
1508 2201 71 38 anti¬

123 2244 43 45 que
195 2241 20 48 de
251 2241 88 48 Widor
362 2241 39 47 que
434 2241 19 47 ha
483 2241 108 47 querido
623 2241 76 47 hacer
728 2241 20 47 un
780 2241 63 47 pisto
872 2241 239 46 greco-religioso
1153 2241 59 46 cuyo
1245 2241 62 46 tema
1343 2241 137 45 principal
1507 2241 16 45 es
1552 2241 20 45 el

133 2287 17 49 Te
191 2286 96 50 Deum.
310 2286 28 50 El
358 2286 136 50 resultado
528 2286 41 50 fué
593 2286 106 50 terrible
733 2290 0 46 y
763 2287 34 49 los
824 2287 201 49 desgraciados
1053 2295 40 41 que
1124 2295 14 41 la
1168 2295 167 41 aguantaron
1376 2286 37 50 (yo
1444 2290 20 46 no
1505 2288 62 48 pude

126 2336 10 44 ir
164 2334 38 46 ese
234 2333 55 47 dia)
310 2331 108 49 todavia
449 2335 17 45 se
498 2331 100 49 crispan
629 2333 21 47 de
682 2331 107 49 nervios
827 2330 98 50 cuando
959 2332 18 48 se
1008 2329 73 51 habla
1112 2332 21 48 de
1164 2339 63 41 ello.
1258 2329 125 51 Después
1425 2329 100 51 Pierné
1546 2329 21 51 ha

125 2377 61 48 dado
216 2377 40 48 dos
286 2378 157 47 audiciones
473 2379 20 46 de
523 2379 10 46 la
570 2379 160 46 Samnation
760 2380 20 45 de
814 2380 83 45 Faust
921 2381 40 43 con
988 2381 20 43 el
1034 2381 67 43 único
1138 2382 0 42 y
1168 2382 147 42 mercantil
1345 2383 23 41 fin
1399 2383 20 41 de
1452 2383 80 41 llenar
1559 2384 10 40 la

126 2430 46 40 sala
202 2430 28 40 sin
263 2430 71 40 tener
364 2430 38 40 que
435 2430 132 40 ensayar.
599 2430 28 40 En
657 2430 172 40 Lamoureux
857 2430 145 40 continúan
1032 2430 41 40 con
1103 2430 11 40 la
1147 2430 96 40 música
1281 2430 74 40 rusa;
1388 2430 121 40 Sintonia
1547 2430 22 40 de

127 2470 154 45 Borodine,
303 2471 18 44 el
339 2471 148 44 admirable
521 2471 77 44 Conte
628 2472 132 43 Féerique
800 2472 19 43 de
856 2473 104 42 Rimski
991 2473 0 42 y
1025 2473 110 42 algunas
1175 2474 129 41 primeras
1341 2474 160 41 audiciones
1529 2475 39 40 que

123 2520 22 40 el
167 2520 98 40 público
298 2520 115 40 escucha
441 2520 169 40 bostezando
641 2520 10 40 é
671 2520 161 40 irupaciente
865 2520 41 40 por
934 2520 41 40 ver
1002 2520 85 40 llegar
1114 2520 8 40 á
1153 2520 109 40 Thibaud
1295 2520 41 40 con
1369 2520 16 40 su
1418 2520 74 40 violin
1525 2520 49 40 má¬

126 2558 74 49 gico,
221 2558 10 49 ó
255 2558 10 49 la
296 2559 115 48 Bréval,
432 2559 41 48 con
503 2559 17 47 su
551 2559 61 47 gran
646 2560 38 46 voz
714 2560 133 46 cascada,
868 2561 40 45 con
939 2561 10 45 la
980 2561 41 45 que
1061 2561 160 45 interpretó
1252 2562 75 43 (pues
1358 2562 20 43 no
1409 2562 64 43 tiene
1504 2563 71 42 otra)

125 2602 20 48 el
168 2604 118 46 iumenso
318 2602 66 48 final
407 2602 39 48 del
472 2602 174 48 Crepúsculo
679 2606 23 44 de
731 2603 33 47 los
790 2603 108 47 dioses.

188 2647 117 43 También
337 2648 89 43 hemos
455 2648 82 43 tenido
570 2649 138 42 concierto
749 2649 200 43 Hasselmans,
981 2650 50 42 esta
1063 2651 41 41 vez
1131 2651 114 41 dirigido
1281 2652 41 40 por
1354 2652 126 41 Casella,
1513 2653 64 40 peró

127 2701 58 43 iqué
209 2701 103 43 manera
341 2701 21 43 de
394 2701 215 43 transformarse
641 2701 47 43 este
720 2701 106 43 hombre
855 2701 21 43 de
905 2701 74 43 palo,
999 2701 62 43 flaco
1093 2701 9 43 é
1123 2701 194 43 inexpresivol
1343 2701 53 43 Con
1428 2701 42 43 una
1502 2701 56 43 fuer

767 208 0 30 -
821 194 49 44 I7-

502 2826 12 55 OO
557 2825 209 56 Biblioteca
810 2825 193 57 Nacional
1030 2827 32 55 de
1105 2826 150 56 España
