1762 2879
1257 1 210 40 VAIUNER.

1249 24 35 65 DA
1334 29 129 68 MADT

838 121 0 35 -
890 108 50 55 I6-

1269 98 119 40 BIBIO

184 209 9 42 á
214 209 30 42 las
271 209 75 42 obras
376 209 18 42 de
427 209 138 43 Severac,
586 209 78 43 desde
694 209 21 43 el
745 209 87 43 Chant
856 209 21 43 de
907 209 13 44 la
959 209 93 44 Terre,
1082 209 87 44 poema
1208 209 129 44 agricola
1376 209 12 44 ó
1418 209 69 45 pocó
1517 209 114 45 menós,

181 252 70 45 hasta
295 257 173 41 Cerdagna,
488 256 20 42 su
548 255 87 44 última
665 254 77 45 obra.
769 252 120 48 También
919 262 20 38 he
969 262 20 38 de
1019 262 91 39 hablar
1140 262 20 39 de
1193 262 44 39 dos
1277 262 143 40 orquestas
1460 262 164 41 flamantes;

184 297 12 43 la
231 297 120 44 hdedical
384 298 117 43 fermada
531 299 41 42 por
601 299 21 43 el
645 300 103 42 Cuerpo
781 300 20 42 de
830 301 130 42 doctores
989 301 18 42 en
1039 302 150 41 medicina,
1219 303 41 41 que
1289 303 21 41 no
1342 303 21 41 ha
1392 304 144 41 empezado
1574 305 38 40 aún

184 347 9 44 á
214 347 162 44 funcionar,
406 348 0 43 y
440 348 12 43 la
491 348 33 43 UJ.
545 348 27 43 F.
593 348 30 43 P.
641 348 0 43 C
683 348 12 43 ó
713 348 36 43 sea
794 349 75 42 Unión
902 349 43 42 des
978 349 120 42 Femmes
1137 350 186 41 Professeurs
1350 350 18 41 et
1392 350 235 41 Compositeurs.

186 391 129 45 Confleso
346 392 40 44 que
417 392 98 44 cuando
546 393 30 43 lei
601 393 18 43 el
644 394 68 42 titulo
742 394 31 42 me
804 394 147 42 horrorizé
969 395 13 41 á
1003 396 9 40 la
1043 396 49 40 idea
1123 396 22 40 de
1175 396 40 40 una
1246 397 83 39 mujer
1360 397 110 39 tocando
1501 398 21 38 el
1544 399 83 37 trom¬

185 436 62 47 bón,
267 438 56 45 pero
355 439 115 43 después
499 442 30 40 me
561 436 40 46 han
633 434 197 47 tranquilizado
862 433 167 48 diciéndome
1059 443 42 37 que
1131 431 19 49 el
1173 431 131 49 elemento
1347 431 131 48 femenino
1510 437 17 41 es
1559 431 69 47 sola¬

188 489 82 40 tuente
300 489 55 40 para
388 489 11 40 la
429 489 93 40 cuerda
557 489 0 40 y
585 489 41 40 que
659 489 54 40 para
744 489 30 40 los
804 489 200 40 instrumentos
1031 489 22 40 de
1086 489 82 40 viento
1209 489 88 40 entran
1327 489 19 40 en
1379 489 19 40 el
1420 489 66 40 redil
1510 489 113 40 algunos

189 527 72 40 lobos
288 527 150 41 pacíficos,
459 527 69 41 como
555 527 51 41 dice
636 527 21 41 un
687 527 87 42 critico
807 527 18 42 de
858 526 61 43 buen
958 526 111 43 humor.
1099 526 123 44 Hablaré
1243 526 18 44 de
1294 526 48 44 esta
1372 526 126 45 orquesta
1537 526 21 45 en
1600 526 27 45 mi

187 572 118 48 próxima
334 573 124 47 crónica,
481 573 79 46 pues,
583 574 78 45 según
690 574 92 45 dicen,
805 575 167 44 interpretan
1004 575 49 43 muy
1083 576 52 42 bien
1168 576 16 42 el
1207 576 163 42 programa,
1400 577 39 40 que
1478 577 82 40 dirige
1589 578 46 39 pa¬

190 620 182 39 ternalmente
401 620 19 39 el
444 621 75 38 obeso
556 621 0 38 y
586 621 112 38 barbudo
733 621 216 39 Rhené-Báton,
970 622 142 39 excelenfe
1144 622 254 39 «kapellmister».
1419 623 24 38 La
1473 623 77 39 cosa,
1574 623 38 39 des

189 662 61 48 pués
279 662 19 48 de
330 662 74 47 todo,
429 663 20 46 es
478 663 105 46 natural
606 663 19 46 en
657 663 23 45 un
709 663 105 45 hombre
843 664 42 44 que
917 664 16 43 se
965 664 71 43 llama
1074 664 100 43 Bálon.
1199 665 0 41 A
1235 665 35 41 los
1296 665 157 41 conciertos
1482 666 144 40 aburridos

190 708 116 45 prefiero
337 708 119 44 dejarlos
484 708 19 44 en
538 708 18 43 el
578 708 116 43 tintero.
716 708 44 43 ¿No
792 708 18 42 se
842 708 28 42 les
901 708 57 42 hace
989 708 19 41 un
1039 708 76 41 favor
1140 708 40 41 con
1212 708 62 40 ello?

1206 748 119 50 JOAQUÍN
1373 743 145 54 TURINA.

238 802 67 37 Enero
330 802 57 37 1919.

617 977 541 70 NOTICIAS

255 1140 30 40 Un
315 1140 77 40 hecho
425 1140 20 40 de
475 1140 13 40 la
518 1140 47 40 más
595 1140 43 39 alta
679 1140 176 39 importancia
895 1136 54 43 para
979 1130 20 49 el
1019 1130 50 49 arte
1099 1131 117 48 español
1246 1133 77 46 acaba
1359 1134 20 44 de
1409 1135 167 43 realizarse.
1610 1138 23 40 Se

204 1185 61 43 trata
293 1185 23 43 de
345 1185 32 43 los
405 1185 155 43 conciertos
586 1185 23 42 de
640 1185 95 42 música
764 1185 129 42 española
921 1186 64 40 que,
1005 1186 51 40 bajo
1088 1186 11 40 la
1128 1186 135 40 dirección
1291 1186 23 40 de
1346 1186 100 40 Arbós,
1478 1186 17 39 se
1527 1186 40 39 han
1598 1186 41 39 ce¬

202 1226 128 47 lebrado,
352 1227 112 46 primero
496 1227 19 46 en
547 1228 128 45 Moscou,
698 1228 38 45 con
772 1229 9 44 la
813 1229 135 44 Orquesta
980 1230 198 43 Filarmónica,
1213 1231 0 42 y
1242 1231 71 42 luego
1345 1232 19 41 en
1396 1232 45 41 San
1473 1232 173 41 Petersbur¬

206 1274 44 47 go,
272 1274 40 46 con
344 1274 9 46 la
385 1274 141 46 Imperial.
548 1275 25 44 El
595 1275 141 43 programa
768 1275 34 42 era
834 1275 19 42 el
875 1275 135 41 siguiente
1041 1275 19 40 en
1091 1275 88 40 ambos
1208 1276 176 38 conciertos;

264 1321 63 38 Suite
356 1322 169 39 murciana.
546 1323 81 38 Pérez
656 1323 107 39 Casas.

262 1364 19 41 La
323 1359 83 46 Divina
441 1360 151 46 Comedia.
614 1360 122 46 Conrado
771 1359 39 48 del
832 1360 119 47 Campo.

263 1405 133 50 Zamóra,
420 1406 137 49 Guajiras
584 1407 0 47 y
621 1407 106 47 Tango,
748 1407 85 47 piezas
864 1408 54 46 para
949 1408 95 45 violín.
1072 1409 98 44 Arbós.
1191 1410 181 43 (Ejecutadas
1399 1411 41 42 por
1464 1411 20 41 el
1505 1411 133 41 violinista

203 1451 142 49 Rivaude.

263 1497 173 48 Evocación,
462 1499 23 45 El
511 1500 92 44 Puerto
636 1501 0 43 y
668 1501 167 43 Catalonia.
861 1495 125 48 Albéniz.
1015 1496 59 47 (Las
1107 1497 42 46 dos
1179 1498 131 44 primeras
1342 1499 20 43 en
1395 1500 10 42 la
1437 1501 200 41 transcripción

204 1546 144 40 orquestal
372 1548 19 39 de
426 1548 102 40 Arbós.

259 1594 44 40 Los
331 1594 158 40 conciertos
517 1594 38 40 han
588 1594 82 40 tenido
703 1594 19 40 un
755 1594 63 40 éxito
859 1594 115 40 inmenso
1017 1594 0 40 y
1045 1594 19 40 al
1086 1594 22 40 de
1138 1594 43 40 San
1214 1594 189 40 Petersburgo
1444 1594 194 40 concurrieron

206 1634 30 40 las
263 1634 129 40 primeras
422 1635 101 40 figuras
551 1635 41 40 del
613 1635 50 40 arte
693 1636 79 39 ruso.
799 1636 77 39 Todas
903 1636 30 40 las
964 1637 73 39 obras
1067 1637 181 39 importantes
1284 1638 87 38 fueron
1412 1638 230 39 aplaudidisimas

212 1683 0 44 y
242 1677 107 50 bisadas
379 1679 30 47 las
439 1678 20 47 de
492 1677 74 48 violín
602 1681 0 43 y
632 1677 110 47 algunas
773 1676 90 47 otras.

259 1730 28 40 El
309 1730 63 40 éxito
402 1730 19 40 de
454 1730 49 40 esta
533 1730 129 40 tentativa
692 1730 161 40 afortunada
883 1730 20 40 ha
935 1730 170 40 repercutido
1138 1730 19 40 en
1193 1730 71 40 otros
1294 1730 104 40 paises,
1428 1730 0 40 y
1458 1730 186 40 actualmente

207 1776 16 40 se
256 1776 91 40 siguen
377 1776 235 40 negociaciones,
634 1776 41 40 que
705 1776 11 40 la
743 1776 154 40 discreción
924 1776 41 40 nos
990 1776 90 40 impide
1110 1776 77 40 hacer
1214 1776 137 40 públicas,
1370 1776 55 40 para
1452 1776 132 40 extender
1611 1776 33 40 las

210 1823 249 40 manifestaciones
487 1823 21 40 de
539 1823 49 40 arte
618 1823 115 40 español
758 1823 8 40 á
788 1823 69 40 otras
887 1823 181 40 importantes
1095 1823 151 40 capitales.

272 1863 117 45 También
422 1864 39 44 nos
491 1864 18 43 es
539 1864 51 43 muy
621 1864 69 43 grato
723 1865 147 42 consignar
897 1865 18 41 el
939 1865 63 41 éxito
1035 1866 144 40 alcanzado
1212 1866 18 39 en
1263 1867 85 38 Berlin
1378 1867 42 38 por
1447 1867 69 38 otros
1543 1868 111 36 compa¬

210 1911 114 41 triotas.
345 1911 25 41 El
394 1911 132 42 violinista
557 1912 95 41 Blanco
683 1912 74 42 Recio
790 1912 19 42 ha
839 1912 62 42 dado
932 1913 46 41 allí
996 1913 218 42 recientemente
1245 1913 21 42 un
1294 1913 156 42 concierto,
1472 1914 184 42 ejecutando,

210 1956 71 38 entre
312 1956 68 38 otras
408 1956 243 39 composiciones,
672 1957 41 38 una
745 1957 132 38 Romanza
909 1957 18 38 de
966 1958 68 38 lesús
1065 1958 110 38 Guridi,
1198 1958 0 38 y
1227 1958 127 38 habiendo
1386 1958 130 39 merecido
1550 1959 10 38 la
1591 1959 58 38 obra

213 2002 0 43 y
247 1996 17 49 el
287 1996 147 49 intérprete
468 1997 30 48 los
528 1996 47 49 más
605 1996 157 49 favorables
795 1996 87 49 juicios
913 2000 20 45 de
966 2002 10 43 la
1006 1996 111 49 crítica.

875 2048 116 31 --6--

268 2081 48 46 Una
346 2080 96 47 noticia
469 2080 41 46 que
544 2079 21 47 ha
595 2077 143 49 producido
769 2076 143 49 sensación
943 2081 20 44 en
994 2076 31 48 los
1055 2076 116 48 circulos
1202 2074 156 50 artísticos,
1389 2084 55 39 pero
1474 2084 45 39 que
1546 2084 116 38 convie¬

214 2124 19 48 ne
265 2124 87 48 acojer
377 2125 42 47 con
448 2125 54 46 toda
531 2125 67 46 clase
627 2126 22 45 de
678 2126 148 45 reservas,
848 2127 16 43 se
896 2127 19 43 ha
944 2127 141 43 esparcido
1117 2128 51 42 días
1197 2128 86 41 atrás.
1316 2129 176 40 Recordarán
1524 2129 128 39 nuestros

215 2170 118 42 lectores
362 2171 31 41 los
425 2171 89 42 juicios
543 2171 74 42 sobre
646 2172 11 41 la
686 2172 55 41 obra
772 2172 20 41 de
824 2172 112 42 Strauss
973 2173 152 41 atribuidos
1154 2173 12 41 á
1186 2173 117 41 Sigfrido
1349 2174 118 41 Wagner
1499 2174 0 41 y
1527 2175 41 40 que
1599 2175 58 40 ésté

215 2223 71 40 negó
308 2223 38 40 con
379 2223 110 40 tibieza.
510 2223 61 40 Pero
603 2223 91 40 parece
724 2223 38 40 ser
787 2223 41 40 que
861 2223 98 40 existen
992 2223 115 40 pruebas
1142 2223 115 40 escritas
1287 2223 19 40 de
1337 2223 10 40 la
1378 2223 106 40 certeza
1520 2223 19 40 de
1580 2223 60 40 aque

216 2261 40 46 llas
288 2261 147 46 virulentas
464 2262 125 45 diatribas
621 2263 0 44 y
652 2263 76 44 ahora
756 2264 19 43 se
803 2264 119 43 atribuye
951 2265 9 42 á
985 2265 107 42 Strauss
1123 2265 19 42 el
1164 2266 138 41 propósito
1334 2266 19 41 de
1387 2267 154 40 vengarse,
1563 2267 101 40 hirien¬

217 2314 16 40 de
265 2314 14 40 á
300 2314 16 40 su
348 2314 121 40 enemigo
501 2314 18 40 en
551 2314 19 39 el
592 2314 74 39 punto
698 2314 49 39 más
776 2314 136 39 sensible,
934 2314 61 39 que,
1016 2314 81 39 según
1129 2314 77 39 malas
1236 2314 131 39 lenguas,
1388 2314 21 38 es
1436 2314 13 38 la
1479 2314 96 38 bolsa.

276 2355 23 48 Al
323 2358 83 44 efecto
439 2354 17 47 se
486 2356 50 45 dice
563 2362 40 38 que
636 2352 127 48 proyecta
790 2351 140 47 celebrar,
946 2357 20 40 en
997 2349 133 48 Bayreuth
1163 2347 107 48 mismo,
1290 2349 40 45 una
1360 2346 157 48 temporada
1560 2354 104 38 straus¬

217 2400 88 48 siana,
325 2401 124 46 enfrente
479 2399 19 47 de
531 2401 10 45 la
574 2397 193 49 wagneriana,
790 2400 0 44 y
822 2401 20 43 en
871 2402 13 42 la
914 2395 85 49 misma
1032 2395 75 48 época
1140 2395 127 47 señalada
1297 2395 55 46 para
1385 2395 69 46 ésta.
1476 2395 27 45 El
1526 2395 137 45 principal

219 2445 131 46 atractivo
379 2448 22 42 de
432 2450 47 40 esta
514 2443 85 46 saison
630 2446 66 43 sería
727 2448 32 40 las
787 2442 135 46 primicias
950 2443 22 44 de
1001 2443 18 44 su
1051 2443 78 43 nueva
1173 2444 57 42 obra
1280 2445 110 40 Ariadna
1425 2446 18 38 en
1481 2446 107 38 Naros,
1619 2447 41 36 que

220 2495 112 43 Strauss
359 2494 58 43 está
441 2491 167 46 escribiendo
649 2491 17 45 en
700 2488 191 48 colaboración
922 2487 41 48 con
994 2487 17 47 su
1041 2486 45 48 fiel
1116 2483 225 51 Haffmannstal,
1372 2482 235 50 acompañándole
1638 2488 21 43 en

222 2533 17 50 el
263 2537 85 46 carlel
371 2535 24 47 El
419 2531 143 51 Caballero
593 2534 24 47 de
647 2536 11 44 la
698 2538 79 42 Rosa,
801 2530 109 49 seguido
940 2535 21 43 el
988 2528 102 50 Elektra
1124 2531 0 46 y
1162 2533 122 44 Salomé.

276 2581 85 48 Según
391 2585 29 43 las
453 2579 108 49 noticlae
590 2579 43 48 que
662 2579 111 47 corren,
796 2579 17 46 se
845 2579 36 46 han
914 2579 144 45 entablado
1090 2579 239 44 negociaciones,
1355 2579 102 42 aunque
1486 2579 30 41 sin
1548 2579 118 41 resulta¬

220 2632 42 57 dó,
287 2631 54 50 para
374 2630 112 50 obtener
510 2630 21 43 el
556 2628 120 49 arriendo
705 2628 42 51 del
772 2626 269 54 Schloseentheater
1066 2625 20 47 de
1115 2624 158 59 Bayreuth,
1294 2624 0 58 y
1318 2623 117 57 después
1464 2622 20 50 el
1501 2622 41 55 del
1575 2621 83 54 Teátro

500 2819 0 53 O
550 2819 209 54 Biblioteca
805 2819 191 55 Nacional
1026 2820 31 54 de
1098 2820 149 55 España
