1755 2875
734 161 84 56 -5-

60 257 1359 59 Ginocatore, L’Uccellatrice, Il Cuoco, Don Trastullo, Il Conte Tullpano.»

133 309 63 39 «Por
223 309 48 40 esta
301 309 88 40 rápida
419 309 189 41 enumeración
641 308 18 42 se
689 308 99 43 echará
818 308 22 43 de
870 308 39 43 ver
942 308 42 44 que
1014 308 123 44 aquellos
1170 308 142 45 brillantes
1348 313 168 41 espectácu¬

78 352 50 45 los,
152 353 127 44 dirigidos
309 355 40 43 por
376 355 20 43 un
426 356 103 42 italiano
559 357 0 41 y
593 352 217 47 representados
847 362 43 37 por
927 352 144 47 italianos,
1097 355 57 44 poco
1188 357 10 42 ó
1228 358 93 42 ningún
1355 352 86 48 influjo
1472 357 46 43 pu¬

78 402 86 37 dieron
194 402 71 38 tener
293 403 21 37 en
344 403 18 37 el
387 403 228 38 adelantamiento
646 404 20 37 de
697 404 33 37 los
757 404 102 38 teatros
884 405 170 37 españoles.
1075 405 76 38 Entre
1179 406 32 37 los
1237 406 114 37 músicos
1379 407 20 37 de
1435 407 12 37 la
1478 407 38 37 or¬

79 447 109 40 questa,
210 447 47 41 sólo
290 448 38 40 don
361 448 55 40 Luis
446 448 85 40 Mizón
561 449 0 39 y
594 449 68 40 otros
690 449 41 40 dos
761 449 8 40 ó
794 449 46 40 tres
868 450 200 40 instrumentos
1095 451 19 39 no
1144 451 52 39 eran
1229 451 189 40 extranjeros;
1440 452 69 39 entre

79 487 32 43 los
135 488 41 42 que
208 488 124 43 cantaron
361 489 50 42 sólo
440 490 62 41 hubo
534 491 42 41 una
605 491 76 41 actriz
711 492 150 41 española;
896 493 32 40 los
958 494 126 39 artífices
1122 495 156 39 empleados
1316 496 18 38 en
1366 497 12 38 la
1410 497 100 38 pintura

76 536 25 43 de
128 536 32 43 las
188 537 216 42 decoraciones,
427 539 19 41 en
476 531 10 49 la
518 531 141 49 invención
698 537 0 43 y
731 531 131 49 dirección
904 533 20 47 de
963 531 30 49 las
1032 531 157 50 mápuinas,
1218 531 118 50 vinieron
1379 534 23 47 de
1441 531 69 50 ltalia

82 581 134 41 también.
235 582 25 40 Se
290 582 96 40 mandó
407 583 42 39 que
479 583 71 40 todas
577 584 30 39 las
637 584 85 39 piezas
752 585 17 38 se
799 585 181 39 imprimieran
1018 586 153 39 traducidas
1210 587 19 38 en
1267 588 145 38 castellano
1456 589 55 37 pars

81 627 185 43 distribuírlas
294 628 11 42 á
324 628 33 42 los
382 628 204 42 concurrentee
615 629 20 41 en
664 629 10 41 la
707 629 108 41 primera
848 630 82 39 noche
959 623 20 46 de
1011 626 17 43 su
1061 622 157 47 ejecución.
1241 624 23 45 Se
1296 622 76 47 abrió
1391 628 20 41 el
1431 623 82 46 teatro

80 675 38 42 con
150 675 12 42 la
191 675 77 42 opera
294 675 24 41 de
353 675 21 41 La
409 675 150 41 Clemenza
591 675 23 41 di
644 675 64 40 Tito;
732 675 153 40 encargóse
914 675 9 40 á
943 675 45 40 don
1017 675 103 39 lgnacio
1149 675 21 39 de
1202 675 79 39 Luzán
1314 675 11 39 la
1355 675 155 38 traducción

84 720 19 40 de
133 720 44 40 ella
210 720 0 40 y
240 720 11 40 la
281 720 71 40 hizo,
385 720 98 40 aunque
513 720 19 40 en
562 720 52 40 muy
645 720 76 40 pocas
749 720 95 40 horas,
874 721 39 39 con
946 721 19 39 el
987 721 95 39 acierto
1121 721 41 39 que
1203 721 35 39 era
1277 721 19 39 de
1337 721 126 39 esperar;
1484 721 28 39 las

87 763 41 46 que
158 763 17 46 se
206 763 182 48 imprimieron
417 763 116 50 después
561 763 30 50 las
619 763 102 51 tradujo
752 763 20 43 un
806 763 96 45 médico
936 763 102 47 italiano
1072 763 106 49 llamado
1219 763 41 47 don
1290 763 116 46 Orlando
1437 763 85 42 Bone¬

87 808 76 43 nore,
184 808 41 43 que
254 808 21 43 ni
298 809 18 42 se
348 809 164 42 avergonzó
533 809 21 41 de
583 809 111 41 suceder
721 810 12 40 á
750 810 82 40 Luzán
868 810 17 40 en
918 810 76 40 aquel
1023 811 135 39 encargo,
1182 811 20 38 ni
1226 811 53 38 tuvo
1311 811 141 38 escrúpulo
1493 812 20 37 de

75 849 1459 48 hacerse escritor en una lengua que no sabía. Sus traducciones pueden considerarse

88 897 67 39 como
187 898 67 39 otros
283 899 85 39 tantos
397 900 118 40 modelos
547 902 21 38 de
598 902 213 41 extravagancia
844 905 0 38 y
874 905 155 40 ridiculez.»

142 939 133 50 Mientras
303 941 19 48 en
354 942 101 49 Palacio
487 944 19 48 se
534 944 217 51 representaban
795 946 40 49 con
865 940 11 54 la
909 941 88 53 pompa
1026 944 40 48 que
1107 946 40 44 nos
1184 937 121 52 describe
1345 937 110 49 Moratín
1488 937 30 47 las

90 983 92 48 óperas
210 983 125 49 italianas
363 987 20 45 en
411 983 129 50 italiano,
558 995 19 39 en
607 995 29 39 los
666 995 101 40 teatros
793 995 146 41 populares
973 983 175 55 continuaban
1178 984 195 54 ejecutándose
1402 983 30 49 las
1459 988 71 42 com¬

91 1033 153 46 posiciones
274 1034 156 50 nacionales
460 1035 43 49 por
529 1036 31 47 los
590 1036 164 47 consabidos
785 1037 87 45 cuatro
907 1030 110 51 violines
1048 1039 0 41 y
1086 1030 156 49 contrabajo
1276 1035 0 43 y
1307 1031 228 47 acompañándo¬

76 1076 1464 53 se el canto por el guitarrista. El divorcio se habla verificado entre las clases aristo¬

93 1121 133 43 cráticas,
246 1122 42 43 que
313 1122 138 45 gustaban
479 1123 321 50 extraordinariamente
828 1126 37 49 del
885 1126 48 51 arte
960 1126 102 51 italiano
1096 1127 0 50 y
1127 1127 27 44 las
1185 1128 146 48 populares
1358 1129 41 47 que
1426 1129 17 43 se
1471 1130 61 47 apa¬

94 1160 126 49 sionaban
249 1159 106 54 todavía
384 1164 41 51 con
454 1161 37 56 los
512 1162 107 58 dramas
644 1168 175 52 nacionales.
854 1167 140 53 Entonces
1032 1167 58 53 pudo
1125 1170 78 50 nacer
1230 1167 12 53 la
1273 1165 73 55 ópera
1385 1167 151 53 española,

81 1212 1461 54 si se hubiesen cantado las italianas en italiano, pero ¿cómo hacerlo si los reyes quizás

93 1251 25 43 no
147 1247 139 53 entendían
314 1256 44 46 aún
383 1250 55 55 bien
466 1252 14 55 la
505 1253 97 58 lengua
626 1256 43 56 del
692 1260 49 52 país
768 1266 42 46 que
840 1260 195 52 gobernaban?

151 1300 26 45 En
210 1300 29 46 las
269 1300 157 50 corrientes
453 1301 22 50 de
505 1300 174 54 transmisión
710 1309 21 44 de
762 1309 115 43 formas,
901 1309 236 42 procedimientos
1165 1300 11 48 ó
1196 1300 115 48 géneros
1339 1300 139 46 artlsticos
1505 1302 21 42 de

97 1346 42 44 una
167 1347 94 44 nación
292 1347 40 45 que
363 1348 30 45 los
420 1348 78 46 posee
529 1349 11 46 á
558 1349 52 47 otra
638 1350 20 47 en
690 1350 12 47 la
731 1350 58 48 cual
808 1351 39 48 aún
879 1351 19 49 no
927 1352 16 48 se
971 1352 39 47 han
1039 1353 208 46 desarrollado,
1263 1354 112 42 siempre
1404 1355 42 39 hay
1478 1356 48 37 algo

99 1391 18 44 de
150 1392 195 47 beneficioso,
367 1395 18 45 en
419 1395 18 46 el
459 1396 55 47 caso
547 1390 20 54 de
599 1398 40 47 que
668 1400 11 45 lo
713 1400 150 44 extranjero
907 1400 37 43 sea
981 1391 136 52 asimilado
1157 1399 0 42 y
1201 1394 203 47 transformado
1433 1393 40 47 por
1503 1392 29 47 los

99 1437 97 42 genios
227 1437 177 43 nacionales,
422 1437 81 43 según
534 1437 13 43 la
576 1437 103 44 manera
711 1437 19 44 de
762 1437 35 44 ser
823 1437 41 44 del
887 1437 86 44 propio
1002 1437 71 45 paí́s.
1108 1437 74 45 ¿Qué
1204 1437 106 45 resultó
1332 1442 19 40 al
1374 1437 80 46 cabo,
1483 1438 48 45 sino

86 1485 1464 43 una gran riqueza en nuestra poesía, del entronizamiento en el siglo XVI, de las formas

87 1523 1463 48 ltalianas, cuando se las apropió un genio de la talla de Garcilaso? Si al llegar á Espa¬

87 1568 1465 49 ña la ópera italiana nuestro teatro no se hubiese hallado en aquella postración, si no

91 1611 1461 53 hublese sido Palacio el albergador del arte italiano, sino los teatros populares, con las

103 1661 76 38 obras
209 1661 155 40 traducidas
394 1662 17 39 al
435 1662 173 40 castellano,
632 1662 20 40 un
682 1662 141 41 fenómeno
858 1663 109 41 análogo
996 1663 18 41 se
1046 1663 106 42 hubiera
1182 1663 170 43 verificado.
1373 1664 26 42 No
1429 1664 117 43 sucedió

104 1704 42 38 así
167 1705 0 38 y
198 1705 104 39 todavía
333 1706 128 39 sufrimos
489 1707 29 39 las
547 1708 239 40 consecuencias.

158 1748 28 45 No
217 1748 132 45 tratamos
376 1749 74 44 ahora
478 1749 21 44 de
530 1749 77 44 hacer
634 1750 40 43 una
705 1750 108 43 história
843 1750 19 43 de
893 1751 30 42 las
954 1751 160 42 vicisitudes
1151 1752 18 41 de
1203 1752 104 41 nuestro
1347 1752 80 41 teatro
1467 1753 67 40 lírico

112 1798 0 40 y
145 1798 40 40 por
212 1799 36 39 eso
278 1799 20 39 no
332 1792 173 46 seguiremos
535 1797 54 40 paso
622 1790 10 47 á
655 1800 54 37 paso
752 1791 13 46 la
802 1790 104 47 marcha
942 1791 40 46 del
1012 1790 47 47 arte
1099 1789 103 48 italiano
1246 1792 0 44 y
1282 1792 37 44 del
1353 1794 136 42 nacional;
1519 1797 17 39 es

108 1838 141 42 suficiente
281 1839 128 45 recordar
435 1839 42 47 que
509 1840 38 46 del
570 1840 102 46 Palacio
704 1841 64 44 Real
791 1841 115 43 salieron
935 1841 32 43 los
996 1842 141 42 cantantes
1166 1842 125 41 italianos
1320 1843 9 39 á
1349 1843 28 39 las
1410 1843 83 39 tablas
1519 1844 19 37 de

110 1881 33 46 los
171 1881 103 46 teatros
305 1882 1 45 y
338 1882 17 45 el
376 1882 103 45 público
511 1883 16 44 se
559 1883 134 44 apasionó
713 1884 64 43 tanto
806 1884 38 43 por
873 1884 19 42 el
915 1884 77 42 nuevo
1024 1885 195 41 espectáculo,
1245 1886 42 40 que
1315 1886 164 40 florecieron
1511 1887 29 39 las

110 1929 158 41 compañías
297 1930 171 40 extranjeras
498 1930 9 40 á
531 1930 132 40 expensas
690 1931 21 39 de
741 1931 33 39 los
801 1931 229 39 representantes
1060 1932 153 37 nacionales
1243 1933 0 36 y
1273 1933 39 36 que
1342 1933 129 36 mientras
1498 1934 39 35 que

109 1972 21 45 el
151 1972 82 46 drama
262 1973 131 46 nacional
414 1974 173 46 languidecia
617 1975 19 45 en
670 1976 16 44 el
709 1976 159 45 desamparo
899 1971 23 50 de
952 1969 187 54 gobernantes
1169 1975 0 48 y
1200 1967 126 56 público,
1345 1969 30 46 los
1402 1967 141 48 cantantes

97 2014 1463 54 de ltalia causaban fanatismo y, como dice algún autor de la época, se les esperaba con

110 2062 126 43 ansiedad
270 2063 2 42 y
305 2063 20 42 se
351 2063 30 42 les
411 2063 97 42 recibía
536 2064 39 41 con
607 2064 50 41 más
685 2065 127 40 agasajos
841 2065 39 41 que
911 2066 18 40 si
950 2066 18 40 se
1000 2057 96 49 tratase
1124 2057 21 49 de
1177 2057 188 49 triunfadores
1393 2057 159 49 capitanes,

1227 2099 69 52 JULIO
1336 2097 153 52 GOMEZ.

151 2138 269 62 (Se concluirá)

142 2315 1424 60 La falta de espacio nos obliga á dejar para el próximo número un ar,

103 2357 1463 59 ticulo que nos remite el senor Nin sobre la tan debatida cuestión del plano

108 2391 198 49 y el clave.

495 2814 4 54 O
549 2814 210 55 Biblioteca
802 2815 194 55 Nacional
1023 2823 31 47 de
1097 2815 151 56 España
