1813 2910
859 206 97 51 -28-

483 321 456 70 PUBLICACIUNES
1029 321 295 70 RECIBUAS

216 499 37 45 AL
319 499 232 46 MAESTRO
611 500 533 47 PEDRELL.-ESCRITOS
1210 501 386 47 REORTASTICOS

245 598 32 42 De
314 598 75 42 todos
426 598 32 42 los
495 598 72 42 actos
604 598 164 42 celebrados
805 598 18 42 en
866 598 138 42 homenaje
1038 598 40 42 del
1101 598 112 42 maestro
1245 598 112 42 Pedrell
1380 598 37 42 por
1449 598 9 42 la
1489 598 89 42 ciudad
1610 598 20 42 de

200 646 126 44 Tortosa,
356 647 18 44 su
416 648 79 43 cuna,
528 649 111 43 ninguno
681 650 48 42 mas
768 650 117 42 practico
919 652 0 41 y
949 652 90 41 menos
1066 653 108 40 efimero
1204 654 42 40 que
1273 654 21 40 el
1315 655 21 39 de
1369 655 88 39 reunir
1484 656 21 39 en
1544 656 21 39 un
1598 657 42 38 vo

192 704 78 39 lumen
302 705 11 39 lo
345 705 61 39 que,
427 705 91 40 acerca
545 706 40 39 del
606 706 102 40 insigne
740 707 171 39 compositor
940 708 0 39 y
970 708 101 39 erudito
1103 709 195 39 musicologo,
1320 710 40 39 han
1400 711 93 38 escrito
1539 711 101 39 autori

190 761 78 39 zadas
297 761 99 39 plumas
423 762 149 39 espanolas
605 762 0 39 y
631 762 195 39 extranjeras,
848 762 107 40 muchas
981 763 22 39 de
1035 763 59 39 ellas
1123 763 144 39 celebres.
1299 763 27 39 En
1358 763 107 40 efecto,
1484 764 99 39 cuando
1615 764 18 39 se

193 813 144 47 encuentra
368 814 70 45 entre
466 814 31 45 los
525 814 41 45 que
598 814 37 45 han
667 815 172 44 contribuido
874 815 9 43 a
902 815 100 43 formar
1028 816 50 42 este
1109 816 82 41 libro,
1213 817 125 40 nombres
1367 817 65 40 como
1476 817 19 39 el
1517 818 19 38 de
1580 818 63 38 Rie

193 869 90 41 mann,
305 869 51 41 Dom
398 870 204 41 Mocquereau,
622 870 160 41 Bellaigue,
804 871 222 41 Calvocoressi,
1045 871 127 41 Curzon,
1203 872 154 40 Tebaldini,
1379 872 39 41 por
1446 872 20 41 no
1500 873 61 40 citar
1587 873 47 40 mas

193 929 39 41 que
260 929 34 41 los
322 929 193 41 extranjeros,
535 929 17 41 se
582 929 110 41 penetra
722 929 40 41 uno
795 929 20 41 de
846 929 11 41 la
888 929 179 41 importancia
1098 929 39 41 que
1171 929 19 41 se
1218 929 118 41 concede
1367 929 8 41 a
1401 929 8 41 la
1440 929 59 41 obra
1541 929 0 41 y
1580 929 8 41 a
1619 929 11 41 la

191 982 193 42 personalidad
415 982 20 42 de
464 982 109 42 Pedrell
596 982 20 42 en
648 982 11 42 la
691 982 46 42 mas
766 982 46 42 alta
840 982 224 42 intelectualidad
1099 982 115 42 musical
1237 982 137 42 europea,
1394 982 0 42 y
1426 982 20 42 no
1478 982 77 42 puede
1587 982 54 42 evi

192 1034 67 40 tarse
291 1035 75 40 cierto
401 1036 171 40 movimiento
604 1038 18 39 de
654 1038 126 40 orgullo.

248 1092 140 41 Escritos
416 1092 216 41 Heortasticos
660 1092 90 41 llaman
784 1092 30 41 los
842 1092 205 41 compiladores
1075 1092 20 41 de
1131 1092 73 41 estos
1229 1092 121 41 trabajos
1386 1092 12 41 a
1428 1092 34 41 los
1499 1092 39 41 que
1577 1092 62 41 con

195 1147 63 41 tiene
297 1147 20 41 el
349 1147 141 41 volumen,
516 1147 0 40 y
546 1147 121 40 explican
697 1147 19 40 en
749 1147 20 40 el
792 1144 121 43 Preludio
945 1140 40 46 que
1018 1138 39 48 han
1086 1139 131 47 adoptado
1250 1141 49 45 este
1332 1142 128 44 nombre,
1483 1144 101 41 tomado
1617 1146 20 39 de

196 1194 83 49 raices
306 1195 130 48 griegas,
456 1196 57 46 para
543 1197 127 45 designar
700 1199 20 43 un
750 1199 130 42 concepto
910 1193 23 48 de
963 1193 74 48 fiesta
1067 1195 130 46 familiar,
1220 1196 20 44 de
1267 1197 113 43 pueblo,
1404 1198 20 42 en
1460 1199 40 41 vez
1537 1200 24 39 de
1601 1200 43 39 ho

193 1257 121 41 menaje,
342 1257 140 41 indicador
518 1257 51 41 mas
605 1257 54 41 bien
698 1257 20 41 de
757 1257 126 41 sumision
928 1257 0 41 y
967 1257 205 41 acatamiento.
1203 1257 25 41 La
1259 1257 56 41 obra
1346 1257 90 41 consta
1467 1257 19 41 de
1517 1257 23 41 un
1571 1257 61 41 tomo

193 1304 135 49 principal
354 1304 0 48 y
383 1305 20 47 un
436 1305 147 47 apendice,
606 1305 180 47 conteniendo
819 1306 72 45 este,
910 1306 108 45 ademas
1048 1307 19 43 de
1100 1307 10 43 la
1143 1307 196 43 reproduccion
1372 1308 19 41 de
1427 1308 10 41 la
1470 1308 69 41 placa
1568 1309 72 39 colo

195 1364 56 47 cada
279 1364 22 47 en
333 1364 9 47 la
373 1364 57 47 casa
458 1365 85 46 nativa
574 1365 38 45 del
637 1365 135 45 maestro,
794 1365 19 45 su
850 1365 154 45 biogratia,
1035 1366 19 43 el
1089 1366 134 43 Catalogo
1264 1366 116 43 general
1412 1367 18 41 de
1471 1367 38 41 sus
1546 1367 95 41 obras,

194 1414 81 42 Notas
311 1415 231 42 bibliograficas,
564 1416 81 42 Indice
681 1416 21 42 de
732 1417 33 41 los
792 1417 117 41 escritos
936 1418 216 41 Heortasticos,
1173 1419 42 41 por
1248 1419 127 41 materias
1408 1420 0 40 y
1447 1420 39 40 por
1516 1420 126 41 autores,

197 1474 0 44 y
229 1469 17 49 un
278 1467 81 51 indice
391 1467 127 51 general.
540 1468 28 50 El
589 1468 96 50 primer
713 1468 64 50 tomo
812 1469 124 49 contiene
975 1469 109 49 primero
1127 1469 21 49 un
1190 1470 191 48 frontispicio,
1413 1470 39 48 con
1491 1471 99 47 retrato
1632 1471 0 47 y

196 1522 143 49 autografo
376 1524 41 47 del
448 1526 136 44 maestro,
615 1528 0 42 y
645 1521 133 49 comienza
809 1522 37 48 con
877 1523 20 47 un
931 1524 82 45 Breve
1040 1526 21 43 de
1095 1527 27 42 S.
1142 1520 28 49 S.
1190 1519 37 50 Pio
1265 1520 0 49 X
1302 1521 0 48 y
1336 1522 86 47 cartas
1449 1524 20 44 de
1503 1525 130 43 adhesiou

191 1582 24 44 de
245 1582 30 44 los
308 1582 168 44 Arzobispos
503 1582 21 44 de
554 1582 120 44 Sevilla,
698 1582 123 44 Valencia
854 1582 0 44 y
887 1582 172 44 Valladolid,
1080 1582 120 44 Obispos
1227 1582 21 44 de
1290 1582 150 44 Mallorca,
1479 1582 108 44 Tortosa
1632 1582 0 44 y

195 1630 20 49 de
256 1629 99 50 Ulrgel,
385 1630 48 49 Dom
477 1629 205 50 Mocquereau,
712 1629 92 50 Enrico
838 1630 92 49 Bossi,
954 1629 82 50 Gius,
1066 1631 184 48 Terrabugio,
1271 1631 160 48 Bellaigue,
1454 1630 0 49 y
1485 1629 27 50 P.
1536 1629 106 50 Otano.

250 1692 43 42 Los
321 1692 132 42 llamados
490 1692 123 42 Escritos
649 1692 197 42 Heortasticos
873 1692 37 42 son
944 1691 230 43 numerosisimos
1205 1691 0 43 y
1236 1691 70 43 estan
1337 1691 156 43 suscriptos
1521 1691 40 43 por
1592 1691 40 43 una

196 1746 58 45 gran
284 1746 68 45 parte
385 1746 20 44 de
435 1746 111 44 cuantos
576 1746 17 43 en
626 1746 102 43 Espana
761 1746 14 42 se
808 1746 100 42 ocupan
937 1746 21 41 de
996 1746 138 41 literatura
1172 1746 126 40 musical,
1328 1746 106 40 ademas
1472 1746 20 39 de
1533 1746 30 39 los
1601 1746 41 38 ex

197 1794 135 47 tranjeros
360 1795 41 45 que
432 1795 85 45 hemos
545 1796 82 44 citado
665 1797 0 43 y
696 1797 69 42 otros
797 1798 107 41 muchos
935 1798 88 41 menos
1051 1799 145 39 notorios.

254 1849 62 48 Gran
349 1851 68 46 parte
447 1853 19 43 de
499 1854 69 42 estos
597 1847 121 48 trabajos
744 1850 20 45 se
793 1851 108 44 dedican
934 1846 10 48 a
964 1846 127 48 ensalzar
1117 1847 13 46 la
1160 1848 193 45 personalidad
1396 1850 121 42 artistica
1546 1851 23 40 de
1598 1852 46 39 Pe

197 1909 79 43 drell,
297 1909 103 43 tomada
429 1909 21 42 en
482 1909 144 42 conjunto,
649 1909 192 42 estudiandola
870 1909 71 41 otros
970 1910 20 40 en
1020 1910 38 40 sus
1093 1910 127 40 diversos
1258 1910 147 39 aspectos,
1437 1910 0 39 y
1479 1910 167 38 concretan

197 1964 59 43 dose
285 1964 115 43 algunos
429 1964 21 42 al
470 1964 109 42 examen
608 1964 21 42 de
661 1964 56 42 cada
747 1964 41 41 una
820 1964 21 41 de
870 1964 38 41 sus
938 1964 76 41 obras
1043 1964 189 41 principales.
1261 1964 47 40 Asi
1340 1964 86 40 vemos
1467 1964 170 40 recopilados

195 2014 154 48 luminosos
379 2016 120 46 estudios
526 2018 107 43 criticos
663 2012 73 49 sobre
770 2013 63 48 Los
863 2013 157 48 Pirineos,
1040 2015 20 45 de
1094 2015 140 45 Bellaigue
1268 2016 0 44 y
1298 2016 130 44 Mitjana,
1451 2018 0 41 y
1481 2018 74 41 sobre
1598 2019 40 40 La

198 2070 161 49 Celestina
385 2070 23 48 de
437 2070 72 48 estos
535 2070 43 47 dos
607 2071 167 46 escritores,
797 2071 85 45 Millet
911 2071 0 45 y
941 2071 216 44 Bonaventura,
1180 2071 29 43 sin
1238 2071 92 43 contar
1359 2072 33 41 los
1418 2072 39 41 que
1490 2072 17 41 se
1536 2072 98 41 ocupan

198 2130 23 44 de
259 2130 68 44 estas
354 2130 41 43 dos
422 2130 181 43 importantes
627 2130 204 42 producciones
861 2130 4 41 y
895 2121 38 50 del
960 2122 130 48 Comite
1113 2125 102 45 Arnau
1243 2123 20 46 al
1287 2119 78 50 tratar
1389 2121 41 47 del
1454 2123 81 45 drama
1566 2125 68 42 lirico

202 2180 133 54 espanol.

253 2234 27 48 La
309 2234 193 48 presentacion
535 2236 124 45 material
682 2237 20 43 de
731 2237 53 43 esta
813 2238 56 42 obra
902 2239 19 40 es
961 2231 72 48 digna
1072 2233 23 45 de
1134 2234 16 44 su
1193 2229 141 49 contenido
1376 2231 0 46 y
1419 2232 16 45 el
1468 2233 52 44 todo
1563 2235 75 41 honra

199 2295 75 44 sobre
315 2290 102 48 manera
458 2289 10 48 a
495 2289 31 48 los
564 2289 221 48 organizadores
822 2289 41 47 del
894 2289 140 46 homenaje
1074 2290 21 44 al
1115 2290 116 44 maestro
1265 2290 123 43 Pedreil,
1412 2290 41 42 una
1480 2290 20 42 de
1531 2290 31 42 las
1592 2290 48 41 mas

201 2345 80 52 justas
313 2345 229 51 glorificaciones
573 2346 39 49 que
643 2346 17 49 se
692 2346 38 48 han
765 2346 76 48 hecho
872 2346 21 47 en
924 2346 105 47 nuestra
1057 2346 80 46 patria
1164 2346 21 46 al
1206 2346 97 45 talento
1338 2347 0 44 y
1369 2347 18 44 al
1411 2347 91 43 saber,
1522 2347 21 43 no
1571 2347 84 42 siem

201 2404 184 46 reconocidos
415 2403 0 46 y
445 2400 184 49 ensalzados.

1529 2434 64 57 l.Z.

523 2850 0 55 O
576 2850 210 55 Biblioteca
831 2848 195 55 Nacional
1052 2852 30 50 de
1127 2850 168 52 Espanal

860 2604 3 68 L
