1822 2914
807 186 0 30 -
862 173 52 52 I4-

150 270 48 40 cial
220 270 39 41 del
281 268 61 43 cielo
374 268 35 43 son
441 268 128 44 artistas,
592 268 42 45 nos
659 268 39 45 han
730 268 61 46 dado
823 268 41 46 una
893 268 218 47 interpretación
1143 268 128 48 ejemplar
1300 271 38 46 del
1361 278 93 39 primer
1482 278 52 40 acto
1559 278 23 40 de

152 318 48 36 esta
240 318 76 37 obra:
339 319 10 36 la
390 319 94 37 señora
514 320 213 37 Passini-Vitale
765 321 170 37 (Siglinda),
955 322 0 36 y
996 322 106 37 nuestro
1143 323 107 36 paisano
1280 323 20 37 el
1331 324 78 36 señor
1447 324 137 37 Reventós

150 362 197 42 (Sigmundo),
369 363 70 41 quien
470 364 39 40 nos
540 364 48 40 trae
616 364 22 40 de
669 365 95 40 tierras
792 365 174 40 germánicas
994 366 20 39 el
1039 366 101 40 secreto
1171 367 22 39 de
1224 367 11 39 la
1266 367 98 39 dicción
1398 368 196 39 wagneriana.

151 406 58 42 Pero
252 407 9 41 lo
292 407 81 41 mejor
413 408 20 41 ha
462 408 48 41 sido
542 409 40 40 que
622 409 21 40 en
674 410 69 39 fecha
775 410 161 40 memorable
976 412 51 38 este
1059 412 95 38 primer
1191 413 49 37 acto
1275 414 20 36 ha
1335 414 46 37 sido
1410 415 112 36 cantado
1562 416 20 35 en

153 456 121 38 catalún.
296 456 87 38 Nunca
414 457 28 37 les
470 457 235 39 agradeceremos
736 457 121 39 bastante
899 458 8 39 á
930 458 56 39 esos
1017 458 126 40 artistas,
1165 458 20 40 en
1219 458 123 41 especial
1364 459 9 40 á
1407 459 11 40 la
1449 459 112 41 Passini
1583 459 0 41 y

150 506 11 39 á
182 506 19 39 su
233 506 112 39 maestro
377 506 22 39 de
428 506 101 39 catalán
559 506 21 39 el
601 506 158 39 incansable
796 506 104 39 Joaquin
940 506 86 39 Pena,
1047 506 11 39 la
1090 506 141 39 sensación
1263 506 19 39 de
1314 506 48 39 arte
1399 506 43 39 que
1474 506 40 39 nos
1543 506 38 39 han

150 545 85 39 dado.
257 545 109 39 Muchos
398 546 136 39 abonados
561 546 43 39 que
641 546 70 39 otras
743 546 75 39 veces
847 546 166 40 bostezaban
1042 547 21 39 de
1103 547 102 39 fastidio
1240 547 149 40 esperando
1419 548 21 39 el
1461 548 73 39 canto
1566 548 18 39 de

151 590 11 41 la
202 590 171 41 primavera,
406 591 17 41 se
454 591 146 41 enteraban
639 592 39 40 con
709 592 146 40 sorpresa,
886 593 42 40 por
956 593 39 40 vez
1034 593 129 40 primera,
1197 594 23 39 de
1259 594 11 39 lo
1301 594 42 39 que
1382 594 42 40 alli
1447 594 95 40 pasaba
1584 595 0 39 y

151 641 172 40 escuchaban
353 641 39 40 con
424 641 20 40 el
476 641 91 40 mayor
591 641 121 40 interés.
734 641 49 40 Aun
813 641 11 40 á
846 641 30 40 los
917 641 41 40 que
988 641 118 40 estamos
1136 641 216 40 familiarizados
1391 641 38 40 con
1462 641 19 40 el
1503 641 79 40 teatro

154 684 197 37 vagueriano,
371 685 40 36 nos
440 686 104 36 parecía
576 686 32 36 oir
635 687 40 35 una
704 687 57 35 cosa
791 687 104 36 nueva.

207 731 56 39 Esta
292 731 112 39 primera
444 731 129 39 tentativa
602 731 19 39 no
653 731 61 39 debe
743 731 99 39 quedar
871 731 19 39 un
930 731 77 39 hecho
1039 731 96 39 aislado
1170 731 0 39 y
1199 731 89 39 fuerza
1317 731 19 39 es
1365 731 40 39 que
1448 731 72 39 tenga
1552 731 40 39 im¬

151 778 141 42 portantes
326 778 242 41 consecuencias.
588 778 63 40 Háse
682 778 115 40 probado
837 778 41 40 que
909 778 40 39 con
981 778 80 39 buena
1093 778 121 39 voluntad
1248 778 20 38 un
1308 778 89 38 artista
1429 778 155 38 extranjero

151 824 79 40 puede
263 824 82 40 llegar
373 824 8 40 á
403 824 134 39 apretider
564 824 17 39 su
613 824 140 39 particella
781 824 19 39 en
833 824 104 39 nuestro
969 824 113 38 idioma,
1109 824 0 38 y
1142 824 120 38 tenemos
1290 824 107 38 además
1424 824 162 37 excelentes

150 869 145 39 cantantes
321 869 158 39 catalanes;
511 869 40 39 por
578 869 51 39 otra
658 869 70 39 parte
760 869 18 39 el
813 869 99 39 público
947 869 80 39 siente
1064 869 163 39 acrecentar
1254 869 19 39 su
1305 869 99 39 interés
1441 869 67 39 tanto
1540 869 45 39 más

152 906 93 45 cuanto
277 907 80 44 mejor
383 908 122 43 entiende
537 909 13 42 lo
578 910 42 41 que
652 911 20 40 en
704 911 9 40 la
745 912 93 39 escena
870 909 16 41 se
915 904 71 46 dice.
1008 905 26 45 El
1056 906 61 44 éxito
1146 907 23 43 es
1194 908 97 42 seguro
1319 909 0 41 y
1352 910 51 40 creo
1438 911 19 39 ya
1486 911 103 39 llegado

153 958 20 39 el
196 958 132 39 momento
360 958 129 39 oportuno
521 957 54 40 para
609 957 78 40 llevar
716 957 8 40 á
747 957 58 40 cabo
836 957 12 40 la
876 957 201 41 regeneración
1114 957 21 41 de
1166 956 123 42 nuestras
1321 956 267 42 representacionés

155 1003 104 46 líricas,
283 1003 127 41 haciendo
438 1003 93 41 cantar
558 1003 19 41 en
608 1003 97 41 catalán
740 1003 31 41 las
798 1000 78 44 obras
899 993 23 51 de
953 994 113 50 positivo
1101 996 66 48 valor
1194 997 143 47 artístico.
1357 999 93 45 ¡Ojalá
1473 1000 39 44 que
1539 1001 50 43 este

156 1049 90 40 anhelo
279 1049 17 40 se
326 1049 140 40 convierta
496 1049 19 40 en
546 1049 115 40 realidad

1209 1088 27 51 V.
1267 1087 35 51 M.
1329 1086 24 51 DE
1391 1083 152 53 GIBERT.

158 1259 161 71 RADRID

211 1348 293 49 Oonterenoias
552 1352 24 44 en
630 1353 27 43 el
701 1347 358 49 Ateneo.-Reseñaba
1089 1356 17 40 en
1144 1346 30 50 mi
1202 1346 119 50 anterior
1355 1356 105 39 crónica
1491 1356 31 39 las
1549 1356 41 39 que

154 1405 19 40 en
206 1405 11 40 la
247 1405 65 40 serie
340 1405 167 40 organizada
537 1405 41 40 por
605 1405 19 40 el
649 1405 151 40 Ministerio
830 1405 22 40 de
882 1405 164 40 Instrucción
1079 1405 126 40 Pública,
1227 1405 73 40 sobre
1339 1405 126 40 materias
1495 1405 104 40 artisti¬

153 1448 56 39 cas,
235 1448 14 39 se
282 1448 90 39 habian
403 1448 59 39 dado
496 1448 154 40 referentes
678 1448 8 40 á
709 1448 115 40 música;
844 1448 118 40 después
990 1448 19 40 de
1043 1448 28 40 las
1099 1448 22 40 de
1150 1448 67 40 Rola
1251 1448 0 41 y
1281 1448 233 41 posteriormente
1545 1448 11 41 á
1576 1448 14 41 la

155 1494 72 40 fecha
257 1494 15 40 20
302 1493 21 41 de
356 1493 172 41 Diciembre,
561 1493 9 41 á
600 1492 39 42 que
681 1492 147 42 alcanzaba
864 1491 31 43 mi
928 1490 273 44 correspondencia,
1234 1490 15 44 se
1288 1490 112 44 dieron:
1430 1489 42 45 dos
1511 1489 39 45 por
1577 1489 21 45 el

156 1531 113 49 maestro
305 1532 113 48 Bretón,
443 1533 31 47 los
503 1534 49 46 dias
580 1534 18 46 22
630 1535 0 45 y
658 1535 39 45 27,
718 1536 39 44 por
786 1536 10 44 la
828 1529 88 51 tarde;
948 1530 39 50 dos
1015 1530 43 50 por
1083 1531 21 49 el
1125 1532 113 48 maestro
1281 1533 109 47 Rogelio
1433 1535 95 45 Villar,
1560 1537 32 43 las

155 1575 98 48 noches
283 1575 36 48 del
342 1575 19 48 22
394 1581 0 42 y
424 1575 39 48 23,
489 1584 0 39 y
519 1579 39 44 dos
587 1584 43 39 que
659 1577 27 46 dí
705 1579 20 44 yo
754 1575 30 48 las
813 1575 89 48 tardes
928 1576 43 47 del
990 1579 20 44 28
1043 1582 0 41 y
1075 1575 36 48 3I.

210 1626 96 43 Bretón
338 1625 80 43 habló
441 1624 19 44 el
482 1623 93 45 primer
604 1622 32 46 dia
665 1620 90 47 acerca
783 1620 20 47 de
835 1621 41 46 «La
908 1622 141 44 influencia
1078 1625 23 41 de
1136 1618 115 48 Wagner
1280 1620 19 45 en
1331 1621 10 44 la
1373 1622 67 43 lí́rica
1469 1624 128 40 dramáti¬

155 1671 59 45 ca»,
234 1669 202 47 descubriendo
469 1670 75 45 desde
577 1671 72 44 luego
681 1671 17 44 su
727 1671 118 43 posición
878 1672 19 42 de
927 1672 111 42 defensa
1074 1673 19 40 de
1126 1665 10 48 la
1169 1666 94 47 música
1296 1668 121 45 ltaliana,
1447 1670 19 42 en
1499 1671 91 41 cuanto

155 1717 54 44 cree
238 1714 119 47 advertir
382 1715 42 46 una
456 1716 160 44 preterición
648 1718 20 42 de
700 1718 41 42 ella
773 1719 0 41 y
802 1720 23 40 un
857 1712 93 48 olvidó
969 1713 38 46 que
1039 1714 20 45 no
1091 1714 19 45 se
1139 1715 83 44 hallan
1251 1716 19 43 en
1296 1717 163 42 proporción
1488 1719 39 39 con
1556 1719 38 39 sus

157 1759 144 46 defectos,
333 1759 0 46 y
365 1759 176 46 atribuyendo
576 1760 20 44 el
618 1760 80 44 daño,
721 1760 19 44 en
772 1760 16 44 su
823 1760 87 44 mayor
938 1760 90 44 parte,
1060 1760 10 44 á
1092 1760 19 44 un
1147 1760 60 44 auge
1239 1760 161 44 inrazonado
1432 1761 41 42 del
1492 1761 68 42 culto
1592 1761 9 42 á

160 1808 135 44 Wagner,
316 1808 20 44 el
357 1808 58 43 cual
439 1808 141 43 atribuye,
604 1808 47 43 más
677 1808 41 43 que
748 1808 11 42 á
780 1808 21 42 un
833 1808 100 42 sincero
977 1809 0 41 y
1015 1809 94 41 devoto
1142 1809 220 40 conocimiento,
1389 1809 8 40 á
1424 1809 38 39 una
1491 1809 112 39 imposi¬

156 1856 49 41 ción
245 1856 21 41 de
297 1856 12 41 la
340 1856 89 41 moda,
458 1856 40 41 que
530 1856 20 40 es
579 1856 189 40 avasalladora
800 1856 0 40 y
829 1856 40 40 que
900 1855 21 41 en
952 1855 17 41 su
1001 1855 52 41 afán
1084 1855 20 41 de
1136 1855 81 41 llevar
1245 1855 38 40 sus
1311 1855 187 40 entusiasmos
1524 1855 69 40 hasta

158 1894 20 47 el
209 1894 85 47 último
328 1895 95 46 límite,
447 1896 17 45 no
501 1897 17 44 ve
549 1897 31 44 los
607 1898 126 43 defectos
760 1899 99 42 cuando
889 1892 65 49 toma
985 1893 20 48 el
1032 1894 96 47 camino
1158 1895 24 46 de
1213 1896 119 45 elogiar,
1363 1897 20 44 ni
1407 1898 30 43 las
1475 1899 119 42 virtudes

158 1941 98 45 cuando
301 1942 68 44 inicia
399 1944 17 42 su
450 1945 133 41 corriente
614 1939 20 47 de
665 1939 88 47 desvio
784 1940 68 46 hacia
883 1941 20 46 un
934 1941 95 46 género
1063 1942 10 45 ó
1094 1942 20 45 un
1155 1942 78 45 grupo
1264 1943 20 44 de
1325 1943 126 44 autores.
1482 1944 58 43 Hizo
1570 1945 21 42 un

158 1984 137 50 parangón
339 1984 66 49 entre
442 1985 20 48 el
482 1985 97 48 género
619 1986 73 46 latino
729 1986 0 46 y
759 1987 20 44 el
799 1987 150 44 germano,
979 1988 20 43 no
1039 1988 161 42 admitiendo
1243 1989 173 40 inferioridad
1453 1990 20 39 ni
1507 1990 93 38 agota¬

160 2030 92 48 miento
281 2031 20 47 en
334 2032 16 46 el
373 2032 127 46 nuestro,
523 2034 0 43 y
550 2034 16 43 si
589 2034 19 43 un
638 2035 33 42 día
700 2035 43 42 fué
762 2028 111 49 apóstol
896 2028 40 48 del
962 2029 199 47 wagnerismo,
1191 2031 105 45 declara
1335 2033 39 43 hoy
1407 2034 16 41 su
1456 2034 137 41 propósito

159 2077 20 46 de
210 2078 75 45 hacer
315 2079 116 44 resaltar
458 2081 48 42 más
537 2082 34 41 sus
612 2075 143 48 defectos,
772 2076 65 47 como
871 2077 112 45 remedio
1014 2078 139 44 saludable
1181 2079 40 43 del
1245 2079 48 43 mal
1317 2080 71 42 antes
1416 2080 105 42 citado.

215 2130 43 39 Era
291 2130 16 39 su
340 2130 130 39 empeño,
493 2130 49 39 más
569 2130 42 38 que
640 2130 40 38 una
712 2130 89 38 crítica
830 2127 79 41 pura,
928 2120 23 48 de
981 2121 101 47 altura,
1111 2122 43 46 una
1193 2123 88 45 crítica
1317 2125 20 42 de
1376 2125 147 42 aplicación
1556 2127 39 40 con

161 2175 81 39 vistas
271 2175 11 39 á
306 2174 88 39 casa.
418 2174 53 39 para
503 2174 40 39 ello
575 2174 11 39 le
616 2174 90 38 fueron
736 2174 123 38 precisos
888 2173 179 38 argumentos
1094 2173 48 38 más
1171 2173 131 37 plásticos
1331 2172 99 38 aunque
1457 2172 88 38 menos
1575 2172 26 37 ri¬

162 2221 135 42 gorosos;
317 2220 56 43 tuvo
406 2220 41 42 que
476 2220 135 42 exagerar
641 2220 29 42 las
696 2219 221 42 consecuencias
946 2219 21 42 de
999 2219 35 42 sus
1064 2218 79 42 tesis,
1175 2218 124 42 haciendo
1340 2218 56 42 obra
1437 2217 126 42 polémica
1595 2217 0 42 y

160 2264 21 38 de
211 2264 178 39 actualidad.
416 2264 27 39 En
476 2264 90 40 suma,
593 2264 87 40 creyó
710 2264 78 41 deber
815 2264 21 41 de
866 2264 76 41 todos
969 2264 21 41 el
1011 2264 12 42 ir
1050 2264 87 42 contra
1167 2264 21 42 el
1212 2264 181 43 wagnerismo
1426 2264 9 43 á
1468 2264 138 44 ultranza,

162 2302 97 47 clamar
287 2302 87 47 contra
405 2303 31 47 los
468 2303 121 47 defectos
617 2303 42 47 del
680 2303 48 47 arte
759 2304 119 46 alemán,
898 2304 122 47 declarar
1044 2304 164 47 peligroso,
1228 2305 39 46 por
1294 2305 195 47 incompatible
1520 2306 38 46 con
1586 2306 21 46 el

160 2349 75 48 genio
265 2350 23 46 de
317 2350 108 46 nuestra
454 2352 76 44 raza,
549 2353 17 42 su
598 2353 154 42 imitación,
772 2352 13 42 la
814 2347 180 47 prosecución
1023 2350 20 43 de
1076 2350 16 43 su
1125 2351 124 41 escuela,
1272 2353 65 39 etc.,
1357 2354 55 37 etc.

216 2399 22 42 La
271 2397 118 44 segunda
421 2396 177 44 conferencia
630 2394 109 45 versaba
771 2393 89 46 acerca
889 2393 23 46 de
941 2393 9 45 la
982 2391 183 47 «orientación
1203 2392 39 45 del
1264 2393 80 44 teatro
1377 2395 67 42 lírico
1476 2397 128 39 dramáti¬

163 2444 17 42 co
223 2439 20 47 de
273 2440 124 46 España»
437 2441 0 45 y
467 2442 37 44 era
534 2443 53 43 algo
617 2444 37 42 asi
687 2444 67 42 como
787 2446 10 40 la
837 2438 190 48 continuación
1067 2440 21 46 de
1131 2441 10 45 la
1174 2441 137 45 anterior.
1344 2443 24 43 Se
1408 2444 130 42 proponia
1578 2446 17 40 en

162 2491 101 40 aquella
293 2491 19 40 el
334 2490 109 40 examen
474 2490 21 40 de
526 2490 106 40 nuestra
662 2490 143 40 capacidad
837 2489 129 40 nacional
988 2489 55 40 para
1075 2489 126 39 producir
1226 2489 117 39 música;
1365 2488 112 40 abundó
1497 2488 19 39 en
1546 2488 49 39 esta

163 2536 94 41 acerca
287 2535 20 42 de
340 2534 10 43 lo
394 2532 106 44 mismo.
524 2530 73 46 Citó,
617 2529 57 47 para
707 2528 64 48 ello,
801 2530 113 46 algunos
941 2533 73 42 datos
1044 2527 167 48 conocidos,
1231 2529 63 46 tales
1331 2530 67 45 como
1431 2532 14 42 la
1475 2533 60 41 fama
1578 2534 20 40 de

164 2582 30 40 las
224 2582 142 40 gaditanas
396 2582 20 39 en
457 2581 115 40 tiempos
599 2581 22 39 de
657 2581 139 39 Augusto,
826 2581 66 39 como
925 2581 142 38 graciosas
1098 2581 22 38 en
1150 2581 13 38 la
1193 2580 77 38 danza
1314 2580 0 38 y
1344 2580 19 38 el
1385 2580 93 38 canto;
1500 2580 22 37 el
1544 2580 55 37 caso

164 2619 23 48 de
218 2621 44 46 San
290 2623 95 44 lsidoro
419 2623 17 43 en
470 2619 17 47 el
511 2617 61 49 siglo
606 2617 38 49 VIl
671 2620 0 46 y
702 2621 30 44 las
760 2617 153 48 academias
944 2616 40 49 del
1008 2617 113 48 Califato
1151 2618 21 46 de
1202 2619 147 45 Córdoba;
1373 2621 30 43 los
1431 2622 112 41 tiempos
1577 2624 21 39 de

165 2671 136 50 Morales,
326 2671 136 49 Victoria,
484 2671 63 48 etc.;
569 2671 33 47 los
631 2671 158 47 tratadistas
819 2671 128 45 nuestros
973 2671 40 44 que
1046 2671 122 44 tuvieron
1197 2661 169 53 verdaderas
1392 2664 209 49 adivinaciones

733 1178 232 48 r2-Ilce¬

527 2854 0 56 O
582 2854 210 56 Biblioteca
835 2853 194 57 Nacional
1057 2856 31 54 de
1132 2854 146 56 España
