1788 2894
794 172 0 29 -
844 158 50 50 12-

138 250 206 45 terpretándolo
377 249 36 46 con
445 249 121 47 elegante
609 249 160 47 abandono,
799 249 9 47 á
838 249 46 48 flor
919 250 20 47 de
978 250 125 47 teclado,
1132 250 78 48 dando
1253 260 82 38 cierta
1374 254 141 45 impresión
1550 255 20 44 de

137 295 105 44 hastio,
263 296 39 44 que
332 297 42 43 por
398 297 144 43 acordarse
575 299 51 42 muy
656 299 51 42 bien
737 300 39 41 con
809 301 12 40 la
851 301 109 41 nuestra
987 302 87 40 propia
1104 303 39 39 nos
1179 304 114 39 pareció
1320 305 21 38 de
1371 305 105 39 perlas.
1509 306 60 38 Pero

140 345 147 42 entonces,
309 346 56 43 ¿por
394 346 47 45 qué
463 347 72 46 tocar
563 347 122 46 Chopin?
710 348 63 44 ¿Por
801 348 47 44 qué
870 349 22 43 no
924 349 69 42 dejair
1021 349 110 42 reposar
1168 350 113 41 siquiera
1310 351 40 39 una
1394 351 123 39 veintena
1551 352 22 37 de

138 390 59 47 años
226 390 9 47 á
257 391 72 46 igual
351 391 10 46 ó
383 391 88 45 menor
499 392 103 44 número
634 392 22 44 de
684 393 79 43 obras
791 393 19 43 de
841 393 50 43 este
923 394 72 41 autor
1023 394 38 41 con
1092 395 41 40 que
1165 395 41 40 nos
1234 395 100 40 muelen
1369 396 31 38 los
1429 396 72 38 oidos
1532 397 50 37 ine¬

141 437 193 38 vitáblemente
364 438 74 38 todos
466 439 35 37 los
526 439 150 38 pianistas?

193 485 98 42 Bordas
322 485 61 42 tocó
405 485 41 42 con
477 485 169 42 sentimiento
689 486 61 41 justo
787 486 0 41 y
816 486 132 41 adecuado
991 486 69 41 estilo
1091 486 49 41 tres
1169 486 88 41 piezas
1286 487 20 40 de
1338 487 94 40 música
1464 487 106 40 antigua

137 525 21 45 en
188 525 241 45 transcripciones
456 527 21 42 de
510 527 141 42 Rreisler,
672 528 27 41 sin
732 528 57 41 cuyo
822 528 151 41 marchamo
1006 529 18 39 no
1057 529 120 39 pueden,
1204 530 9 38 á
1240 530 12 38 lo
1288 531 39 37 que
1361 531 114 36 parece,
1496 532 81 35 llegar

137 573 72 44 hasta
239 573 126 44 nosotros
395 574 30 43 las
452 574 226 43 composiciones
708 575 183 42 violinisticas
918 576 21 41 de
972 576 30 41 los
1032 576 114 41 pasados
1176 577 103 40 siglos.
1303 577 42 40 ¿No
1375 577 66 40 sería
1471 578 48 39 más
1549 578 36 39 ló¬

138 623 51 41 gico
222 623 118 41 servirse
368 623 22 40 de
421 623 31 40 las
483 623 140 40 versiones
651 623 174 40 auténticas,
847 622 20 40 ya
898 622 39 40 que
970 622 73 40 sobre
1077 622 31 39 las
1136 622 39 39 del
1197 622 107 39 célebre
1332 622 134 39 violinista
1497 622 76 38 pesan

139 667 31 42 las
202 667 46 42 más
276 667 75 42 duras
383 667 181 42 acusaciones
593 667 20 42 de
644 667 216 42 mixtificación?

192 713 81 41 Otros
298 713 40 41 dos
363 713 157 41 conciertos
548 713 112 41 tuvimos
688 713 20 41 el
727 713 0 41 7
755 713 0 41 y
783 713 0 41 8
809 713 22 41 de
859 713 95 41 enero,
974 713 59 41 cuyo
1066 713 56 41 peso
1153 713 104 41 recayó
1277 713 19 41 en
1330 713 20 41 el
1375 713 202 41 violoncellista

143 750 44 49 Van
217 750 137 49 lsterdaél
377 751 0 48 y
407 752 20 47 el
451 752 113 47 pianista
594 753 91 46 Levy,
715 753 133 46 aliviados
879 754 16 45 en
929 754 16 45 su
979 755 67 44 tarea
1076 755 40 44 por
1143 756 13 43 la
1186 756 124 43 cantante
1353 757 87 42 Agnés
1477 757 110 42 Borgo.

140 805 78 39 Como
250 805 77 39 obras
351 805 19 39 de
402 805 185 39 combinación
619 805 18 39 de
669 805 32 39 los
728 805 43 39 dos
798 805 200 39 instrumentos
1035 805 145 39 figuraban
1214 805 115 39 aigunas
1359 805 109 39 sonatas
1497 805 86 39 italia¬

140 842 38 45 nas
204 840 134 47 (Marcelo
374 842 0 44 y
403 842 163 44 Bocherini)
592 844 9 42 la
633 845 189 41 monumental
845 845 19 41 en
896 839 13 46 la
941 840 19 45 de
992 840 180 45 Beethoven,
1191 842 0 43 y
1220 843 41 42 una
1287 843 22 42 de
1338 844 29 41 las
1393 845 22 39 de
1444 845 144 39 Mendels¬

141 889 59 46 sohn
225 890 41 45 que
297 891 76 43 mejor
401 893 132 41 justifican
561 892 22 42 el
602 887 163 46 ostracismo
790 888 44 45 que
859 888 98 45 padece
985 889 50 43 esle
1063 890 182 42 comnosilor;
1264 891 10 40 á
1292 891 47 40 más
1365 892 22 39 de
1415 892 59 39 unas
1503 892 81 38 varia¬

139 935 90 37 ciones
257 935 38 37 del
320 935 85 38 mismo
440 935 0 38 y
470 935 69 38 otras
566 935 22 38 de
618 934 340 40 Beethoven-indignas
985 934 22 40 de
1037 934 143 40 él-sobre
1210 934 22 40 un
1265 934 63 40 tema
1358 934 19 41 de
1410 934 123 41 Mozart.
1561 934 27 41 El

143 982 202 37 violoncellista
376 983 61 37 tocó
457 983 111 37 también
612 983 40 37 una
695 983 102 37 variada
827 983 137 38 colección
992 984 23 37 de
1045 984 86 37 piezas
1156 984 21 37 de
1205 984 124 37 diversos
1357 985 131 37 autores,
1506 985 69 37 como

140 1025 138 45 Háendel,
300 1025 172 45 Geminiani,
503 1026 202 44 Saint-Saéns,
736 1026 101 44 Fauré,
868 1027 61 43 etc.;
963 1027 19 43 el
1015 1027 114 43 pianista
1160 1027 113 43 algunas
1301 1027 22 43 de
1353 1027 28 43 las
1418 1028 162 42 admirables

143 1067 131 47 elberias»
313 1068 19 46 de
377 1069 124 44 Albéniz,
530 1070 13 43 la
585 1071 137 42 «Leyenda
754 1072 20 40 de
806 1073 44 39 San
892 1065 144 47 Francisco
1078 1067 118 44 andando
1238 1069 74 42 sobre
1353 1070 29 41 las
1411 1071 118 40 ondas»,
1558 1073 23 37 de

144 1117 84 42 Liszt,
251 1117 39 42 con
321 1117 67 41 otras
416 1117 76 41 obras
520 1118 22 40 de
573 1118 87 40 menos
688 1118 87 39 fuste,
801 1118 0 39 y
831 1118 9 39 la
871 1118 123 39 cantante
1028 1118 39 39 nos
1095 1118 39 38 dió
1157 1118 31 38 los
1219 1118 64 38 cinco
1317 1119 109 37 poemas
1457 1119 20 36 de
1510 1119 82 36 Wag¬

141 1162 57 37 ner,
218 1154 23 45 el
262 1155 66 45 «Rey
358 1154 20 46 de
408 1157 30 43 los
468 1154 104 47 Alisos»
609 1156 20 45 de
669 1154 137 47 Schubert
839 1160 0 41 y
876 1155 123 47 diversas
1036 1155 137 48 melodías
1213 1161 20 42 de
1273 1158 133 45 Gounod,
1430 1155 160 49 Massenet,

143 1210 126 39 Georges
301 1210 0 39 y
341 1210 99 39 Grieg.
472 1210 27 38 En
528 1210 88 38 suma,
638 1210 21 38 tin
691 1209 310 39 programa-mosaico,
1033 1209 67 38 como
1143 1209 99 38 sucede
1279 1209 112 38 siempre
1429 1209 40 37 que
1509 1209 85 37 inter¬

146 1255 89 39 vienen
267 1255 150 39 elementos
446 1255 230 39 heterogéneos.

196 1296 26 43 La
250 1293 119 46 señorita
401 1292 83 47 Borgo
516 1298 19 40 es
561 1292 80 46 dueña
683 1295 19 43 de
744 1302 38 36 una
824 1302 41 36 voz
894 1291 112 46 teatral,
1035 1292 99 45 grande
1176 1297 0 40 y
1208 1292 19 45 de
1259 1294 19 43 no
1310 1297 48 40 mal
1384 1291 109 45 timbre,
1525 1296 54 40 pero

144 1345 49 40 más
220 1345 110 40 propia,
352 1345 41 40 por
420 1345 11 39 lo
461 1345 110 39 mismo,
592 1345 55 39 para
677 1345 30 39 las
738 1344 183 40 expansiones
948 1344 164 39 dramáticas
1140 1344 41 39 que
1211 1344 57 39 para
1296 1344 30 39 las
1356 1344 175 38 intimidades
1561 1344 22 38 de

144 1386 62 43 lied.
228 1385 47 44 Por
303 1384 35 45 eso
369 1383 22 46 no
423 1382 78 46 brilló
523 1385 19 43 en
576 1382 29 46 las
636 1382 129 46 melodias
793 1385 22 43 de
843 1382 31 46 los
906 1381 203 46 compositores
1144 1390 141 37 franceses
1313 1390 16 37 (y
1360 1390 51 36 esto
1445 1390 19 36 no
1498 1390 19 36 es
1545 1381 47 45 lla¬

145 1435 46 40 mar
219 1435 79 40 lieder
325 1435 8 40 á
355 1435 28 40 las
413 1435 180 39 frivolidades
623 1435 222 39 massenéticas)
867 1434 0 39 y
897 1434 117 39 alcanzó
1036 1434 17 39 su
1085 1434 99 39 apogco
1214 1434 19 39 en
1263 1434 11 39 la
1304 1434 107 39 sublime
1444 1434 90 38 balada
1561 1434 19 38 de

144 1478 96 42 Gothe
285 1478 0 42 y
323 1475 154 44 Schubert,
506 1473 109 46 cantada
657 1472 19 47 en
717 1472 10 46 la
769 1473 93 45 lengua
900 1475 167 43 originaria,
1096 1471 186 46 produciendo
1323 1474 42 43 una
1410 1476 118 41 emoción
1560 1478 32 38 in¬

144 1519 71 48 tensa
245 1520 20 47 al
285 1520 113 47 detallar
428 1521 37 45 con
495 1522 164 44 sobriedad,
679 1524 57 42 pero
762 1524 40 42 con
832 1517 121 49 relieve,
973 1518 10 47 la
1013 1519 187 46 intervención
1230 1521 20 44 de
1277 1521 33 44 los
1337 1522 50 43 tres
1414 1523 180 41 personajes.

201 1562 26 48 El
251 1563 200 47 violoncellista
481 1567 137 42 lsterdaél
641 1561 103 48 mostró
768 1562 20 46 en
818 1563 73 45 todas
918 1564 143 44 ocasiones
1091 1567 10 40 la
1131 1559 124 48 facilidad
1288 1562 0 45 y
1321 1562 101 45 solidez
1445 1564 23 42 de
1495 1565 17 41 su
1542 1566 50 40 me¬

144 1609 134 48 canismo,
311 1609 121 48 facilidad
465 1612 39 44 que
537 1613 10 43 le
579 1614 63 42 lleva
671 1615 10 41 á
701 1611 209 45 momentáneas
949 1607 236 48 precipitaciones
1224 1610 20 45 de
1280 1611 114 44 tiempo,
1424 1613 56 41 pero
1512 1613 20 41 es
1561 1607 33 47 la¬

148 1656 129 45 mentable
307 1656 63 45 que,
391 1657 18 43 en
442 1657 91 43 cuanto
566 1658 9 42 á
596 1658 12 42 la
638 1658 237 42 interpretación,
896 1659 36 40 use
962 1659 21 40 de
1019 1659 126 40 recursos
1178 1660 33 38 tan
1251 1660 60 38 poco
1350 1661 138 37 legitimos
1518 1662 66 35 como

146 1701 20 48 el
189 1701 173 48 portamento
391 1705 164 43 constante.
588 1703 26 44 El
637 1700 95 47 talento
764 1698 141 48 innegable
934 1697 20 48 de
983 1698 53 47 este
1065 1698 92 47 artista
1186 1707 20 37 no
1238 1697 20 47 ha
1287 1699 23 45 de
1340 1705 108 38 negarle
1490 1705 98 38 medios

145 1747 166 45 expresivos
339 1751 21 40 de
391 1752 49 39 más
467 1751 108 40 elevada
603 1747 159 43 condición,
784 1744 211 45 permitiéndole
1026 1745 157 43 abandonar
1213 1747 28 41 los
1278 1747 165 40 presantes,
1471 1749 49 38 sólo
1551 1750 43 36 ex¬

147 1789 128 51 plicables
303 1790 80 50 quizá
404 1791 42 48 por
473 1792 14 47 la
515 1792 167 47 equivocada
713 1794 49 44 idea
789 1795 42 43 que
859 1787 83 51 tienen
973 1788 32 50 los
1036 1789 125 49 hombres
1185 1790 42 47 del
1248 1791 69 46 norte
1345 1792 24 45 de
1397 1793 11 44 la
1439 1793 101 43 cultura
1567 1795 21 41 de

150 1836 34 46 los
212 1837 123 45 públicos
362 1839 222 41 meridionales.

206 1882 25 45 Y,
252 1882 19 45 en
305 1882 46 45 fin,
372 1883 80 44 oí́mos
480 1883 40 44 con
550 1883 74 44 gusto
655 1884 18 43 el
698 1884 70 43 juego
799 1884 117 43 seguro,
937 1885 56 42 pero
1026 1885 139 42 incoloro,
1189 1886 40 41 del
1251 1886 113 41 pianista
1395 1886 68 41 Levy
1493 1887 62 40 que,
1576 1887 19 40 si

149 1934 20 40 no
199 1934 85 40 pudo,
303 1933 68 40 como
401 1933 20 40 es
451 1933 120 40 natural,
593 1932 142 40 presentar
763 1932 22 40 en
815 1932 19 40 su
864 1932 85 40 gracia
982 1931 85 40 nativa
1105 1931 30 40 las
1171 1931 85 39 piezas
1286 1931 22 39 de
1343 1930 126 40 Albénia,
1491 1930 107 39 mostró

149 1977 40 40 una
221 1975 53 42 real
297 1971 111 45 pujanza
438 1970 20 46 en
490 1969 10 46 la
530 1967 111 48 leyenda
671 1969 20 46 de
724 1971 88 43 Lisat.

1262 2016 18 46 I.
1309 2012 209 53 ZUBIALDE.

847 2080 38 39 844

206 2160 78 41 Como
315 2160 76 41 todos
419 2160 31 41 los
478 2160 62 41 años
568 2160 42 41 por
635 2160 51 41 esta
717 2160 98 41 época,
837 2160 141 41 volvemos
1017 2160 8 41 á
1056 2160 143 41 reunirnos
1230 2160 104 41 delante
1365 2160 20 41 de
1416 2160 36 41 esa
1483 2160 107 41 curiosa

152 2204 104 37 falange
287 2204 21 37 de
339 2204 107 38 artistas
475 2205 21 37 de
527 2205 86 37 ambos
641 2205 99 37 sexos,
758 2205 144 38 bastantes
930 2206 18 37 de
980 2206 62 37 ellos
1078 2206 42 37 que
1151 2206 130 37 sentados
1321 2206 20 37 no
1373 2207 83 37 llegan
1490 2207 36 37 con
1560 2207 31 37 los

153 2244 51 51 piés
231 2244 20 51 al
275 2244 65 51 suelo
374 2245 20 49 ni
418 2245 99 49 pueden
548 2246 129 48 empuñar
704 2246 48 47 más
779 2247 41 46 que
851 2247 20 46 un
902 2247 92 46 cuarto
1021 2248 20 45 de
1072 2248 99 44 violin,
1191 2248 58 44 pero
1280 2249 71 43 todos
1382 2249 167 43 entusiastas
1590 2250 0 41 y

152 2289 166 47 satisfechos
347 2291 20 44 al
389 2291 61 44 salir
476 2292 41 43 una
543 2293 80 42 noche
652 2294 22 41 de
703 2295 13 39 la
745 2289 105 45 soledad
883 2287 19 47 de
934 2288 29 46 las
991 2288 87 46 ciases
1113 2290 10 43 á
1155 2290 13 43 la
1206 2291 141 42 presencia
1376 2292 22 41 de
1431 2293 19 39 un
1482 2294 106 38 público

152 2335 190 46 convencido,
362 2334 9 46 á
394 2340 17 40 su
443 2336 82 44 frente
558 2334 62 46 Lope
656 2332 95 47 Alaña,
774 2332 118 47 director
918 2332 210 46 abnegadisimo
1160 2331 10 47 é
1190 2332 163 45 inteligente
1383 2335 19 42 de
1442 2337 13 40 la
1497 2338 102 38 Acade¬

152 2380 62 47 mia.
234 2379 138 48 Conjunto
401 2380 20 47 al
444 2382 26 45 fin
499 2381 20 46 de
552 2380 141 47 alumnos,
725 2389 0 38 y
755 2379 19 48 de
804 2379 128 48 distintos
961 2389 92 38 cursos
1092 2389 0 38 y
1131 2379 125 48 distintas
1295 2380 203 47 cupacidades,
1528 2379 65 48 sería

151 2434 89 38 contra
271 2434 52 38 toda
357 2434 99 38 justicia
487 2434 133 38 criticarlo
651 2434 68 38 como
750 2434 42 38 una
821 2434 124 38 orquesta
979 2434 19 38 ya
1029 2434 138 38 forinada,
1201 2434 0 38 y
1240 2434 18 38 no
1292 2434 67 38 como
1393 2434 42 38 una
1466 2434 123 38 promesa

152 2477 11 40 ó
185 2477 172 40 esperanza.
379 2477 0 40 Y
415 2477 11 40 á
445 2477 49 40 este
525 2477 145 40 respecto,
692 2477 19 40 el
735 2477 69 40 juicio
837 2477 19 40 no
892 2477 76 40 puede
998 2477 39 40 ser
1064 2477 49 40 más
1138 2477 173 40 halagueño:
1330 2477 90 40 dentro
1448 2477 22 40 de
1500 2477 19 40 no
1549 2477 52 40 mu¬

153 2524 39 38 cho
224 2524 117 38 tiempo,
362 2524 156 38 tendremos
546 2524 97 38 cuerda
676 2524 81 38 buena
791 2524 0 38 y
819 2524 120 38 nutrida,
965 2524 0 38 y
994 2524 39 38 con
1064 2524 31 38 tal
1119 2524 78 38 base,
1220 2524 13 38 la
1267 2524 125 38 orquesta
1423 2524 115 38 verdad,
1558 2524 32 38 tan

157 2567 139 40 suspirada
326 2567 3 40 y
359 2567 30 40 tan
422 2567 140 40 necesaria
594 2567 52 40 para
679 2567 17 40 el
720 2567 132 40 completo
884 2567 148 40 desarrollo
1065 2567 19 40 de
1114 2567 14 40 la
1158 2567 52 40 vida
1240 2567 115 40 masical
1379 2567 20 40 en
1434 2567 49 40 esta
1527 2567 74 40 viila.

212 2612 26 39 El
261 2612 133 39 concierto
428 2612 41 39 fué
490 2612 52 38 muy
576 2612 101 38 variado
711 2612 0 38 y
742 2612 110 38 ameno.
891 2612 67 38 Tocó
979 2612 13 37 la
1021 2612 125 37 orquesta
1185 2612 67 37 como
1299 2612 89 37 piezas
1416 2612 21 36 de
1468 2612 123 36 conjunto

157 2649 18 52 un
207 2649 92 52 tiempo
331 2651 17 49 de
380 2651 22 49 un
433 2652 128 48 Quinteto
593 2653 18 47 de
646 2654 120 46 Mozart,
784 2655 21 44 el
827 2648 124 51 Preludio
982 2649 22 50 de
1039 2650 25 49 El
1089 2650 102 48 Diluvio
1220 2652 21 46 de
1276 2652 202 46 Saint-Saens,
1500 2655 21 42 un
1549 2655 57 42 Co¬

511 2834 0 55 O
563 2834 210 55 Biblioteca
818 2834 196 55 Nacional
1040 2835 30 54 de
1115 2834 146 55 España
