1783 2892
777 189 82 56 -6-

259 282 230 92 IDEAS
604 285 0 88 Y
706 285 669 88 COMENTARIOS

545 380 569 60 Por JOAQUÍN NIN

673 472 335 48 (CONTINUACION)

522 530 37 68 El
606 531 123 67 Genio
795 546 0 50 y
856 533 18 62 la
936 530 197 63 Multitud

871 631 22 47 de
921 633 35 44 los
991 635 114 42 sabios.

884 604 675 38 La multitud ha sido siempre enemiga

968 678 138 48 CHARLES
1142 680 23 44 DA
1204 674 302 50 SAMT-ÉVREMONT.

174 742 46 48 Nos
251 742 90 48 cuenta
374 743 114 47 Cicerón
518 743 40 46 que
591 744 157 45 Antímaco,
772 744 20 45 el
815 744 57 45 gran
902 745 73 43 poeta
1015 745 0 43 y
1052 745 144 43 gramático
1229 746 110 42 griego,
1369 746 44 41 lela
1453 747 20 40 un
1513 747 33 40 dia

107 793 1458 42 una de sus obras maestras (se cree que fuera la Tebaida) delante de un público nume¬

109 841 1453 41 roso, pero tan poco digno, tan poco atento que, no encontrando la obra de su gusto,

123 886 134 39 comenzó
278 886 11 38 á
310 885 147 39 eclipsarse
487 885 186 39 lentamente.
703 885 109 38 Reparó
847 884 136 38 Antimaco
1015 884 19 38 en
1066 884 40 38 que
1138 884 19 37 el
1181 884 48 37 solo
1261 883 93 38 oyente
1386 883 40 38 que
1456 883 11 37 le
1499 883 58 37 que¬

123 922 61 48 daba
213 922 35 48 era
277 923 112 47 Platón,
411 923 23 46 y,
453 923 157 46 conocedor
636 924 38 45 del
700 924 70 45 valor
796 925 22 44 de
847 925 38 43 sus
914 925 112 43 juicios,
1049 926 131 42 continnó
1203 926 182 42 impertérrito
1414 927 10 40 la
1453 928 105 39 comen¬

126 968 57 49 zada
214 970 125 47 lectura.

182 1012 116 48 Algunos
327 1013 60 46 años
416 1013 71 46 antes
513 1013 70 46 decía
618 1014 154 44 Antifontes
801 1014 19 44 de
852 1014 116 44 Ramno,
990 1015 106 42 célebre
1125 1015 112 42 retórico
1269 1016 157 40 ateniense;
1452 1017 112 38 «Cuan¬

126 1058 20 48 do
177 1059 17 47 se
224 1060 65 46 tiene
320 1062 20 43 un
381 1063 58 42 alma
480 1057 119 48 grande,
633 1059 17 46 se
681 1060 113 44 prefiere
824 1055 21 49 el
869 1055 109 49 parecer
1015 1057 21 47 de
1076 1057 21 46 un
1134 1058 106 45 hombre
1271 1059 20 44 de
1332 1060 89 43 mérito
1451 1061 21 41 al
1496 1061 20 41 de
1547 1062 10 40 la

129 1102 151 49 multitud.»
306 1102 199 50 (Aristóteles,
530 1102 87 51 Moral
639 1102 10 51 á
671 1103 138 51 Eudemo,
830 1102 40 52 III,
888 1105 22 50 5,
932 1103 32 52 6.)

181 1155 27 41 En
240 1155 105 41 efecto;
368 1155 29 40 los
427 1155 114 40 grandes
568 1155 144 39 ingenios,
744 1155 30 39 las
807 1151 78 42 almas
915 1145 114 48 abiertas
1059 1148 13 44 á
1088 1148 13 44 lo
1134 1146 127 46 sublime,
1294 1143 40 48 han
1376 1145 180 46 manifestado

128 1203 109 38 siempre
269 1202 39 38 una
339 1202 120 38 marcada
487 1201 201 38 indiferencia,
722 1201 20 37 un
782 1200 96 38 desdén
909 1200 42 38 que
982 1200 52 37 toda
1065 1200 16 37 su
1117 1199 50 38 vida
1203 1199 130 38 proclama
1375 1198 190 38 abiertamen¬

128 1238 33 45 te,
184 1239 43 44 por
253 1240 10 42 la
296 1235 160 47 admiración
486 1236 23 45 de
539 1237 9 44 la
581 1238 145 43 Multitud.

183 1280 174 48 Palestrina,
380 1283 199 44 Monteverde,
602 1278 134 48 Victoria,
759 1278 62 48 Bach
854 1278 0 48 y
883 1278 157 47 Beethoven
1073 1278 20 47 no
1122 1278 134 47 pensaron
1289 1278 177 46 ciertamente
1498 1278 20 45 en
1551 1278 16 45 el

130 1328 75 47 gusto
235 1327 19 47 de
284 1331 13 43 la
326 1325 121 49 Multitud
480 1327 20 46 al
523 1329 78 44 forjar
627 1332 30 40 las
686 1323 157 49 maravillas
869 1326 43 45 que
941 1328 39 42 hoy
1013 1322 183 48 admiramos,
1226 1327 19 42 no
1278 1323 131 46 pensaron
1442 1322 49 46 más
1517 1325 42 42 que

133 1376 19 42 en
183 1372 22 46 sí
224 1373 125 45 mismos,
371 1376 19 41 en
421 1377 19 40 su
472 1370 87 47 misión
591 1370 56 46 para
675 1371 41 45 con
748 1371 9 44 la
788 1371 167 44 Humanidad
986 1372 0 42 y
1017 1372 19 42 en
1068 1373 9 41 la
1105 1373 242 41 inconmesurable
1388 1374 106 39 Belleza
1523 1375 40 37 por

117 1412 1461 51 la que se sentían penetrados. Wagner, Schumann, Moussorgsly y Franck han obrado,

132 1466 157 41 deliberada
317 1466 11 41 ó
351 1466 305 41 inconscientemente,
687 1466 87 41 contra
816 1466 51 41 todo
900 1466 12 41 lo
940 1466 42 41 que
1013 1466 11 41 la
1055 1466 120 41 Multitud
1214 1466 129 41 esperaba
1388 1466 0 41 y
1428 1466 81 41 exigía
1540 1466 19 41 de

137 1505 78 48 ellos.
246 1505 88 48 Tenian
365 1506 157 47 conciencia
549 1507 71 46 plena
651 1507 38 46 del
712 1507 58 46 daño
801 1508 41 45 que
872 1508 51 45 esto
958 1508 105 45 pudiera
1090 1509 157 44 causarles,
1281 1510 54 43 pero
1366 1510 61 43 nada
1455 1510 109 43 hubiera

137 1548 47 49 sido
214 1549 76 48 capaz
321 1550 20 46 de
371 1550 153 46 separarles
555 1552 36 44 del
615 1553 97 43 camino
742 1554 40 41 que
812 1553 17 42 se
859 1547 90 48 habian
979 1548 104 47 trazado
1113 1550 57 44 para
1206 1551 111 43 cumplir
1343 1552 20 42 su
1403 1553 111 40 misión,
1534 1555 40 38 pa¬

136 1597 17 41 ra
182 1593 125 45 alcanzar
333 1597 14 41 lo
376 1594 125 44 Infinito,
521 1592 13 46 lo
566 1593 86 45 Bello,
675 1596 10 42 lo
718 1597 118 41 Eterno.

199 1638 78 44 Todos
307 1638 160 45 admiramos
497 1639 42 44 hoy
569 1639 18 44 el
611 1639 108 44 ejemplo
752 1640 39 43 que
821 1640 12 43 la
863 1640 115 44 Escuela
1017 1640 135 44 Francesa
1182 1641 39 43 nos
1248 1641 109 44 ofrece;
1390 1641 21 44 no
1444 1642 81 43 siente
1555 1642 18 43 el

123 1691 1460 42 temor de aristocratizarse, de recogerse y de escalar las cimas que sólo el buen gusto

122 1728 1463 52 y el ingenio hacen accesibles. Recibe allí los aquilones de la crítica, pero vive dichosa

136 1783 17 42 su
186 1776 114 49 ensueño
333 1777 21 47 de
384 1777 160 47 elegancia,
564 1780 20 44 de
617 1780 134 44 claridad,
771 1782 20 41 de
821 1775 174 48 delicadeza,
1022 1777 127 46 mientras
1175 1779 40 43 que
1256 1779 20 43 en
1309 1780 17 42 el
1349 1780 60 42 llano
1443 1782 13 39 la
1486 1782 90 39 Multi¬

136 1831 35 39 tud
203 1831 128 39 murmura
364 1831 18 39 su
412 1831 99 39 bestial
537 1831 0 39 y
567 1831 115 39 sombría
711 1831 107 39 canción
850 1831 19 39 de
901 1831 53 39 toda
984 1831 10 39 la
1029 1831 91 39 vida...

190 1872 25 43 La
246 1871 59 44 gran
336 1868 105 47 Belleza
472 1868 0 47 y
503 1867 11 48 la
545 1865 142 49 Grandeza
719 1866 146 48 verdadera
896 1868 17 46 no
945 1869 73 45 serán
1056 1870 76 44 nunca
1174 1863 153 51 accesibles
1355 1865 10 48 á
1389 1866 11 47 la
1431 1867 146 46 Multí́tud;

138 1919 56 39 díré
216 1919 64 39 más:
304 1919 40 39 hay
374 1919 40 39 que
446 1919 144 39 preservar
619 1919 86 39 contra
737 1919 11 39 la
788 1919 120 39 muititud
940 1919 11 39 á
980 1919 48 39 esta
1068 1919 134 39 grandeza
1237 1919 0 39 y
1266 1919 11 39 á
1306 1919 51 39 esta
1389 1919 120 39 belleza.
1539 1919 26 39 No

141 1961 39 42 hay
211 1961 39 42 que
281 1961 188 42 sacrificarlas
497 1961 20 41 ni
539 1961 166 41 exponerlas
733 1961 8 41 á
763 1961 40 41 una
834 1961 137 41 insensata
999 1961 196 40 profanación;
1220 1961 20 40 es
1268 1961 101 40 preciso
1403 1961 42 39 que
1473 1961 106 39 perma¬

141 2006 92 40 nezcan
265 2006 11 40 á
297 2005 71 42 igual
389 2002 131 45 distancia
549 2002 21 45 de
602 2001 32 47 las
662 1999 85 49 masas
775 1998 39 50 que
846 1998 29 50 las
910 1999 142 50 imágenes
1080 2002 18 47 de
1130 2003 32 46 los
1190 2003 168 47 creyentes.

196 2051 50 37 Que
277 2051 10 37 la
319 2051 117 38 multitud
467 2051 185 38 experimente
683 2052 21 37 el
725 2052 109 37 encanto
871 2052 0 37 y
899 2052 19 38 el
941 2052 104 38 poderio
1082 2052 39 38 del
1144 2052 58 38 gran
1238 2053 73 37 Arte;
1342 2053 39 38 que
1423 2053 78 38 sepa,
1530 2053 41 38 por

128 2088 1455 55 nuestra mediación, todo lo que hay en él de digno, de puro, de noble; pero evitemos,

143 2141 7 37 á
173 2141 53 37 todo
259 2141 104 38 precio,
386 2142 18 37 el
429 2142 120 37 contacto
582 2142 68 37 entre
680 2142 41 37 ella
757 2142 0 37 y
782 2142 30 38 las
840 2143 76 37 Obras
944 2143 152 37 maestras,
1117 2143 137 38 imágenes
1284 2144 41 37 del
1348 2144 126 37 Genio..,

197 2180 26 42 El
246 2180 147 42 verdadero
424 2181 92 42 puesto
548 2182 20 41 de
596 2182 35 41 los
657 2183 169 40 Intérpretes
855 2184 20 39 de
909 2184 75 40 Arte,
1004 2185 20 39 de
1056 2185 31 39 los
1119 2185 198 39 Évocadores,
1337 2187 20 38 de
1386 2187 35 38 los
1446 2187 133 38 Iniciado¬

145 2233 53 38 res,
218 2233 21 38 es
268 2233 18 39 el
306 2233 21 39 de
353 2233 224 40 intermediarios
606 2233 67 40 entre
706 2233 17 40 el
747 2233 53 40 Arte
832 2233 0 40 y
861 2233 9 41 la
900 2233 144 41 Multitud,
1061 2233 21 41 no
1114 2233 50 42 sólo
1190 2233 56 42 para
1273 2233 105 42 hacerlo
1408 2233 85 43 amar,
1511 2233 70 43 sino,

147 2276 0 45 y
178 2276 248 45 principalmente,
458 2276 56 45 para
552 2276 179 45 defenderlo;
753 2276 97 45 porque
888 2275 12 46 la
941 2275 123 46 Multitud
1095 2275 69 46 ama,
1192 2275 13 46 á
1227 2275 94 46 veces,
1343 2275 53 46 pero
1440 2275 60 46 mal,
1528 2275 54 46 casi

145 2320 12 38 á
177 2319 12 39 la
218 2318 103 40 manera
350 2317 21 41 de
403 2317 27 41 las
462 2315 141 44 bestias...
627 2314 44 45 Sus
700 2313 279 46 desbordamientos,
1008 2323 18 36 de
1058 2323 100 36 alegria
1188 2323 11 36 ó
1220 2323 20 37 de
1273 2323 88 37 furor,
1390 2323 82 37 llevan
1505 2323 76 37 siem¬

130 2358 1468 52 pre el sello de la demencia: derriba hoy lo que adoraba ayer; aclamará mañana lo que

131 2406 1473 47 injurió, vilipendió y ridiculizó en el pasado. El Genio será siempre para la Multitud un

148 2453 51 37 algo
232 2454 152 37 misterioso
417 2455 10 37 é
447 2455 254 38 incomprensible;
724 2456 40 38 por
792 2457 36 37 eso
861 2457 12 37 lo
904 2457 129 38 profana,
1056 2458 10 37 á
1089 2458 94 38 veces,
1203 2459 135 38 creyendo
1368 2460 170 38 honrarlo...

184 2491 1409 50 Acaso fuera meior renunciar á ella y dejarla que se sacie de lo que su instinto le

149 2538 58 42 hace
239 2538 154 43 preferir...
425 2538 54 44 pero
511 2538 71 44 quien
611 2538 51 45 dice
694 2538 119 46 Multitad
845 2538 51 46 dice
925 2538 186 47 Hamanidad,
1146 2546 0 40 y
1175 2543 13 43 la
1217 2540 167 47 Humanidad
1416 2547 19 40 es
1464 2544 19 43 el
1505 2542 81 46 Hom¬

135 2585 1458 46 bre. Sea la que fuere la altura á que el Arte nos permita elevarnos, el Artista, el Ar¬

135 2631 1458 45 tista-Intérprete, sobre todo, no sobrepasa la de un hombre; hay, pues, que afrontar la

151 2673 146 44 Multitud,
318 2674 56 43 pero
403 2675 44 43 alta
479 2675 12 43 la
521 2676 82 43 frente
635 2676 0 43 y
664 2677 39 42 con
735 2677 12 42 la
776 2677 158 43 convicción
976 2679 226 43 inquebrantable
1231 2681 20 41 de
1293 2681 117 42 protejer
1448 2682 138 42 ardiente¬

512 2830 0 55 O
563 2830 209 56 Biblioteca
815 2830 193 57 Nacional
1036 2834 31 53 de
1111 2832 149 56 España
