1767 2882
108 253 75 42 antes
209 252 42 44 que
284 250 113 50 ninguno
427 249 52 52 otro
509 248 180 56 extranjero;
707 254 12 49 la
749 251 164 52 producción
954 250 23 51 de
1007 249 146 52 tonadiilas
1179 251 19 49 en
1231 252 113 47 tiempos
1381 257 49 41 más
1460 259 93 39 cerca¬

111 302 40 35 nos
181 302 9 35 á
220 302 131 36 nosotros
383 303 0 35 y
410 303 33 35 los
480 303 116 36 ensayos
625 304 10 35 ó
658 304 116 35 intentos
811 304 22 36 de
863 305 76 35 ópera
969 305 39 35 del
1031 305 96 36 primer
1167 306 76 35 tercio
1275 306 20 35 de
1327 306 106 36 nuestro
1478 307 62 35 siglo

114 338 71 44 XIX.
209 344 25 38 Ya
274 343 52 40 casi
351 342 18 41 en
403 340 126 43 nuestros
566 339 70 45 dias,
658 345 82 39 midió
759 345 12 39 la
802 342 175 43 importancia
1008 341 21 44 de
1060 341 9 44 la
1115 350 138 36 zarzuela,
1275 350 125 36 pintando
1431 350 28 37 las
1502 350 49 37 cir¬

107 393 180 37 cunstancias
315 394 21 37 en
369 394 40 37 que
437 394 18 37 se
486 394 106 37 produjo
628 395 0 36 y
658 395 31 37 las
717 395 91 37 causas
839 396 40 36 que
910 396 10 36 la
953 396 114 37 hicieron
1100 396 140 37 declinar.

164 435 28 42 De
233 435 53 42 todo
324 436 41 42 ello
405 436 110 42 deducia
547 437 19 41 el
597 437 41 41 que
676 437 18 42 no
738 438 38 41 hay
807 438 76 41 razón
914 438 54 41 para
1008 439 41 41 que
1087 439 22 41 no
1150 439 66 41 surja
1253 440 22 40 en
1307 440 106 41 nuestra
1451 441 101 40 patria,

107 486 202 39 actualmente,
333 486 19 39 un
382 486 93 39 músico
507 486 21 39 de
558 486 181 39 importancia
766 486 131 39 mundial:
918 486 56 39 pero
1003 486 107 39 achacó
1131 486 19 39 al
1169 486 130 39 ambiente
1332 486 58 39 poco
1420 486 117 39 propicio

110 526 18 37 el
151 526 40 37 que
222 527 106 37 nuestra
359 527 162 38 producción
554 529 18 36 no
605 529 38 37 sea
674 529 200 38 sorprendente
910 531 0 36 y
938 531 20 36 el
981 531 203 37 florecimiento
1217 532 129 37 enorme.

164 574 89 42 Habló
273 574 95 42 Bretón
408 574 21 42 de
460 574 9 42 la
509 574 144 42 necesidad
684 574 20 42 de
744 574 78 42 hacer
851 574 20 42 un
900 574 48 42 arte
977 574 129 42 nacional
1138 574 20 42 de
1187 574 141 42 carácter,
1348 574 57 42 para
1437 574 11 42 lo
1494 574 58 42 cual

110 621 149 41 poseemos
287 621 59 41 sello
380 621 87 41 propio
500 621 0 41 y
528 621 115 41 fantasía
674 621 149 41 creadora,
851 621 177 41 faltándonos
1056 621 11 41 la
1098 621 154 41 conciencia
1292 621 22 41 de
1345 621 37 41 ese
1412 621 141 41 carácter,

110 666 42 41 una
183 666 168 41 orientación
385 666 0 41 y
416 666 20 41 el
458 666 79 41 apoyo
570 666 104 41 oficial.
702 666 45 41 Los
778 666 134 41 remnedios
940 666 40 41 del
1002 666 48 41 mal
1072 666 90 41 actual
1187 666 31 41 los
1246 666 135 41 sintetizó
1400 666 141 41 abogando

110 710 44 40 por
182 710 12 40 la
222 709 124 41 creación
377 709 40 40 del
440 709 78 40 teatro
552 709 66 40 lírico
650 709 129 40 nacional
802 708 224 41 subvencionado
1057 708 43 40 por
1126 708 20 40 el
1169 708 121 40 Estado.
1318 707 227 40 Imprescindible

113 757 54 40 paso
200 757 55 40 para
288 757 82 40 llegar
397 757 11 40 á
430 757 19 40 él
471 757 19 39 es
518 757 41 39 una
589 757 71 39 unión
693 757 118 39 anterior
838 757 22 39 de
887 757 33 39 los
947 757 115 39 músicos
1092 757 146 39 españoles
1265 757 41 38 que
1339 757 16 38 no
1388 757 104 38 existe.

169 797 95 43 Villar,
284 797 20 43 en
336 798 17 42 su
385 798 94 42 primer
508 798 32 41 día
571 798 80 41 habló
672 799 20 40 de
723 799 63 40 «Los
824 799 117 40 músicos
970 800 144 38 españoles
1142 801 293 37 contemporáneos»,
1464 802 77 35 dando

113 843 40 39 una
185 843 78 39 visión
297 843 158 40 totalmente
484 844 158 39 optimista,
663 844 8 39 lo
706 844 82 39 mismo
818 844 21 40 en
868 845 91 39 cuanto
994 845 8 39 á
1023 845 163 39 producción
1215 845 40 39 que
1287 845 19 39 en
1338 846 91 39 cuanto
1461 846 10 39 á
1498 846 51 39 eje¬

113 888 145 39 cutantes,
274 889 53 39 etc.
348 889 91 39 Menos
466 889 104 39 piadoso
600 890 21 38 en
648 890 10 39 lo
685 890 40 39 que
755 890 50 39 toca
832 891 11 38 á
861 891 11 38 la
899 891 157 39 protección
1083 891 94 39 oficial
1201 892 0 38 y
1227 892 8 38 á
1257 892 10 38 la
1294 892 112 39 critica,
1422 893 22 38 al
1462 893 81 38 apoyo

113 935 101 43 público
245 935 86 43 social
354 936 0 42 y
386 936 9 42 á
418 936 28 42 las
486 936 161 41 facilidades
676 936 20 41 de
724 936 32 41 las
785 936 137 41 empresas
957 937 0 40 y
994 937 138 40 editores,
1155 937 126 40 examinó
1310 937 232 39 punzantemente

113 979 106 39 muchos
249 979 21 39 de
300 980 72 39 estos
398 980 155 39 extremos.
575 980 56 39 Hizo
663 981 128 38 hincapié
812 981 19 38 en
863 981 13 39 la
906 981 93 39 dañosa
1031 982 134 38 corriente
1194 982 35 38 (en
1261 982 19 38 su
1309 982 115 39 sentir),
1445 983 102 38 técnica

115 1024 42 39 que
187 1024 40 39 con
259 1025 182 39 exageración
473 1025 96 39 impera
598 1026 21 38 en
652 1026 37 38 sus
716 1026 181 39 compañeros
927 1027 18 38 de
977 1027 187 38 producción,
1191 1028 142 38 olvidando
1365 1028 120 38 factores
1520 1029 34 37 ta¬

115 1067 32 42 les
187 1067 69 42 como
296 1068 12 41 la
339 1068 60 42 linea
431 1069 149 41 melódica,
612 1069 186 41 inspiración,
827 1070 17 41 el
867 1071 218 40 contenido-en
1117 1072 123 39 suma-,
1260 1073 55 38 ante
1346 1073 9 39 lo
1389 1073 155 39 puramente

117 1109 100 47 formal
239 1112 13 43 ó
271 1113 22 42 de
324 1114 123 41 factura.

172 1164 25 40 Su
230 1164 118 40 segunda
378 1164 175 40 couferencia
583 1164 36 40 era
649 1164 19 40 el
690 1164 110 40 balance
830 1164 19 40 de
879 1164 96 40 música
1011 1164 0 40 y
1038 1164 118 40 músícos
1181 1164 148 40 españoles
1359 1164 197 40 contemporá¬

117 1210 78 38 neos,
226 1210 11 38 lo
271 1210 39 38 que
351 1210 120 38 tenemos
502 1210 0 38 y
541 1210 11 38 lo
593 1210 39 38 que
663 1210 42 38 nos
734 1210 57 38 falta
830 1210 229 38 musicalmente.
1090 1210 26 38 Su
1155 1210 117 38 posición
1304 1210 67 38 (muy
1408 1210 138 38 difundida

117 1255 70 38 entre
219 1255 39 38 sus
286 1254 214 39 compañeros),
521 1254 120 38 consiste
672 1254 18 38 en
721 1254 71 38 decir
818 1254 41 38 que
891 1254 125 37 tenemos
1050 1254 60 37 gran
1141 1253 104 38 número
1276 1253 21 38 de
1326 1253 117 37 músicos
1477 1253 81 37 exce¬

117 1300 86 40 lentes
232 1300 0 40 y
262 1300 173 40 ejecutantes
465 1300 187 39 distinguidos
681 1300 0 38 y
710 1300 19 38 no
761 1300 94 38 escasa
881 1300 190 38 producción,
1092 1300 54 37 pero
1178 1300 40 37 que
1261 1300 10 37 la
1304 1300 69 37 culpa
1402 1300 22 36 de
1453 1300 40 36 que
1525 1300 19 36 no

117 1346 18 38 se
174 1346 143 38 considere
359 1346 10 38 á
393 1346 28 38 los
460 1346 141 38 músicos,
622 1346 21 38 ni
663 1346 19 38 se
713 1346 55 38 crea
804 1346 42 38 que
877 1346 122 38 existen,
1020 1346 60 38 está
1098 1346 18 38 en
1158 1346 34 38 los
1218 1346 192 38 aficionados,
1431 1346 39 38 con
1509 1346 37 38 sus

118 1388 107 38 modas:
248 1388 21 38 en
300 1388 21 38 el
345 1388 119 39 Estado,
483 1389 41 38 que
556 1389 18 38 no
608 1389 18 38 es
655 1389 130 38 pródigo;
808 1389 19 38 en
860 1390 32 38 los
928 1390 175 38 organismos
1131 1390 144 38 oficiales,
1295 1390 42 39 que
1376 1391 18 38 no
1428 1391 118 38 orientan

117 1432 193 39 debidamente
342 1433 8 39 á
371 1433 32 39 los
432 1433 155 39 ministros;
609 1433 18 39 en
659 1434 30 38 las
718 1434 163 39 sociedades
910 1434 203 39 particulares,
1132 1435 69 38 como
1234 1435 10 38 la
1284 1435 201 39 Filarmónica,
1506 1436 43 38 que

119 1479 38 37 son
187 1479 140 38 egoistas;
351 1480 19 37 en
414 1480 30 37 los
474 1480 137 38 editores,
633 1480 41 38 que
712 1480 22 39 no
764 1480 107 39 quieren
901 1481 137 39 arriesgar
1068 1481 38 39 sus
1145 1481 147 40 capitales;
1314 1481 22 40 en
1366 1482 33 39 los
1426 1482 129 40 críticos,

118 1527 38 40 que
189 1527 19 40 no
241 1527 82 40 tienen
356 1527 203 40 preparación,
589 1527 19 40 ni
630 1527 85 40 sirven
748 1527 241 40 patrióticamente
1019 1527 11 40 la
1060 1527 77 40 causa
1164 1527 143 40 nacional,
1326 1527 66 40 etc.,
1414 1527 79 40 etc...
1520 1527 25 40 En

119 1569 89 36 suma;
231 1569 127 37 nuestros
386 1570 137 36 músicos,
543 1570 79 36 según
655 1570 78 37 puede
766 1570 92 37 verse,
891 1571 58 36 hace
979 1571 92 37 tiempo
1101 1571 64 37 que,
1185 1571 10 37 ó
1218 1571 160 37 abandonan
1416 1572 35 37 sus
1482 1572 73 37 gabi¬

116 1613 73 39 netes
217 1613 0 39 y
248 1613 11 40 la
290 1614 163 39 producción
484 1614 19 39 de
534 1614 146 40 partituras
708 1615 11 39 ó
742 1615 28 39 las
800 1615 118 40 alternan
949 1615 39 40 con
1025 1616 19 39 un
1078 1616 95 40 género
1201 1616 23 40 de
1252 1616 174 41 propaganda
1457 1617 101 40 social,

118 1658 41 37 que
197 1658 22 37 no
252 1658 16 38 se
307 1658 57 38 hace
397 1658 38 38 con
463 1658 74 38 notas
575 1659 222 38 precisamente,
827 1659 46 39 sino
906 1659 38 39 con
985 1659 129 39 ataques,
1136 1659 175 40 proclamas,
1330 1660 176 40 manifiestos
1547 1660 0 40 y

113 1699 187 47 protestas...
319 1698 105 47 Señalé
447 1704 43 41 yo,
509 1701 72 44 antes
611 1699 23 46 de
676 1699 62 45 hoy,
761 1703 20 41 el
804 1698 98 46 peligro
935 1706 42 38 que
1007 1706 49 38 esto
1089 1699 85 44 tiene,
1207 1706 0 37 y
1239 1706 20 37 es
1285 1706 49 37 este
1367 1697 16 46 el
1406 1699 23 43 de
1455 1705 43 37 que
1527 1705 20 37 no

115 1751 18 39 es
163 1751 99 39 posible
304 1751 39 39 que
376 1751 97 40 acudan
512 1751 9 40 á
545 1751 84 40 sumar
668 1751 162 40 voluntades
860 1750 33 42 los
932 1750 39 42 que
1004 1750 15 42 se
1052 1750 102 42 sienten
1193 1750 130 43 llamados
1353 1750 9 43 á
1395 1750 165 43 fomentar,

112 1793 56 46 pero
198 1793 133 46 llamados
358 1794 9 45 á
389 1794 101 45 palos..
512 1794 55 45 Pide
601 1794 77 45 Villar
702 1794 40 45 con
773 1794 58 45 gran
868 1795 74 44 razón
982 1795 9 44 la
1031 1795 163 44 Asociación
1225 1795 132 44 Nacional
1379 1796 21 43 de
1434 1796 123 43 Música,

113 1842 54 40 pero
203 1842 67 40 ¿cree
302 1842 202 41 sinceramente
532 1842 42 41 que
603 1842 122 42 acudirán
757 1842 9 42 á
785 1841 48 43 ellá
859 1841 119 43 aquellos
1006 1841 10 44 á
1038 1841 109 44 quienes
1173 1841 70 44 llama
1272 1841 122 45 ineptos,
1416 1841 141 45 egoistas,

115 1881 98 48 malos,
236 1882 62 47 etc.?
331 1883 26 46 Y,
373 1883 30 45 sin
432 1884 147 44 embargo,
599 1885 23 43 de
651 1885 62 43 unos
743 1886 0 42 y
772 1882 88 46 otros,
883 1879 20 48 de
932 1880 95 47 todos,
1047 1881 16 46 se
1092 1881 118 46 necesita
1246 1883 56 44 para
1331 1884 52 42 esta
1413 1885 137 41 simpática

115 1926 57 48 obra
202 1927 140 47 nacional.
366 1928 26 46 Al
412 1928 74 46 igual
512 1929 20 44 de
562 1930 14 43 la
609 1930 157 43 Asociación
799 1924 134 49 Nacional
963 1925 20 48 de
1016 1926 97 47 Música
1153 1927 63 46 (idea
1246 1928 40 44 que
1316 1929 20 43 ha
1370 1930 130 42 expuesto
1533 1932 20 40 ya

117 1975 223 44 brillantemente
372 1975 18 43 en
422 1975 68 43 estas
519 1976 158 42 columnas)
710 1976 91 41 abogó
824 1976 38 41 por
892 1976 20 41 el
933 1976 82 41 teatro
1044 1976 68 40 lírico
1153 1976 138 40 nacional,
1326 1977 224 39 subvencionado

116 2020 42 47 por
185 2017 18 50 el
227 2018 118 49 Estado:
376 2017 70 50 ojalá
470 2023 17 44 en
518 2020 39 47 sus
584 2017 42 50 dos
664 2017 174 51 peticiones,
865 2024 42 44 que
949 2022 107 46 cuentan
1098 2021 38 47 con
1171 2020 52 48 toda
1265 2019 114 49 muestra
1417 2017 146 51 simpatia,

115 2070 74 40 tenga
222 2070 11 40 la
263 2070 90 40 mayor
381 2070 123 40 fortuna,
526 2070 54 40 pero
611 2070 104 40 modere
745 2070 54 40 algo
827 2070 38 40 sus
893 2070 238 40 procedimientos
1164 2070 0 40 y
1194 2070 38 40 sus
1257 2070 142 40 palabras:
1424 2070 142 40 «consig¬

118 2113 48 42 na»
191 2108 59 47 para
278 2108 31 47 los
337 2107 135 48 músicos,
493 2107 59 48 debe
583 2107 21 48 de
635 2111 52 44 ser,
708 2107 66 48 dijo,
805 2112 28 43 «lo
875 2106 142 49 primero,
1038 2106 10 49 lo
1083 2115 174 40 nuestros...
1291 2106 25 49 Si
1347 2115 35 40 eso
1423 2105 70 50 dicen
1524 2112 31 43 los

117 2151 137 48 músicos,
274 2151 66 48 ¿qué
362 2152 69 46 decir
457 2154 40 44 del
519 2156 118 42 egoísmo
670 2155 20 43 de
719 2151 29 47 las
778 2151 88 47 demás
892 2150 112 47 gentes?
1033 2150 82 47 acómo
1147 2150 108 47 criticar
1282 2159 19 38 de
1334 2158 72 38 élo...
1429 2150 46 46 Ulna
1504 2155 56 41 par¬

116 2204 14 40 te
163 2204 64 40 final
251 2204 53 40 tuvo
339 2204 76 41 Villar
442 2204 20 41 de
492 2204 88 41 crítica
612 2204 53 41 para
697 2204 21 41 el
738 2204 82 41 pliego
850 2204 20 42 de
900 2204 176 42 condiciones
1105 2204 38 42 del
1167 2204 79 42 nuevo
1276 2204 120 43 arriendo
1425 2204 41 43 del
1484 2204 79 43 Real,

119 2251 56 43 pero
207 2251 41 43 hoy
280 2251 18 42 no
330 2251 65 42 tiene
424 2251 18 42 su
474 2250 106 43 examen
612 2250 65 42 tanta
709 2250 177 42 importancia
927 2250 120 41 después
1082 2250 21 41 de
1135 2250 12 40 la
1176 2249 188 41 adjudicación
1403 2249 164 41 celebrada.

175 2289 28 43 De
234 2293 42 40 mis
304 2291 194 43 conferencias
526 2290 42 44 soy
599 2290 17 45 el
641 2288 86 47 menos
759 2287 118 49 indicado
908 2297 55 40 para
995 2297 104 40 hablar:
1130 2297 122 41 dediqué
1279 2297 42 42 mis
1349 2297 42 42 dos
1429 2297 86 43 tardes
1543 2297 21 43 aj

117 2337 108 47 eramen
255 2336 39 47 del
317 2336 88 47 estado
438 2337 20 46 de
487 2337 108 46 nuestra
622 2334 101 48 cultura
749 2337 20 45 de
798 2339 86 43 Bach;
903 2338 40 43 por
969 2335 29 46 mi
1018 2334 128 47 balance,
1169 2332 59 48 dada
1257 2335 13 45 la
1296 2336 112 44 escasez
1437 2333 20 46 de
1486 2342 79 37 nues¬

117 2388 48 39 tras
195 2388 157 39 audiciones
382 2388 21 39 de
438 2388 77 39 obras
544 2388 107 39 vocales
683 2388 0 39 y
712 2388 166 39 orgánicas,
910 2388 0 39 y
947 2388 131 39 contando
1110 2388 19 39 en
1161 2388 18 39 el
1201 2388 104 39 número
1337 2388 21 39 de
1390 2388 32 39 las
1452 2388 109 39 conoci¬

118 2430 38 38 das
185 2430 70 38 hasta
287 2430 29 39 las
343 2430 75 39 obras
447 2431 40 38 que
519 2431 16 38 se
567 2431 102 39 utilizan
711 2431 67 39 como
821 2431 134 39 escuela,
984 2432 56 39 para
1069 2432 195 39 aprendizaje,
1291 2432 70 39 entre
1390 2433 128 39 nosotros
1558 2433 0 39 y

118 2478 52 37 todo
201 2478 91 37 cuanto
324 2478 20 37 ha
376 2478 119 37 figurado
529 2479 18 36 en
579 2479 127 36 nuestros
735 2479 179 37 programas,
946 2479 18 37 en
1005 2479 19 37 el
1055 2479 55 37 caso
1151 2479 47 37 más
1240 2480 138 36 favorable
1419 2480 21 36 no
1476 2480 81 36 puede

119 2520 141 37 estimarse
292 2521 41 37 que
362 2521 185 39 conozcamos
577 2522 17 38 ni
618 2522 20 39 el
665 2522 79 40 veinte
776 2523 41 39 por
844 2523 82 40 ciento
958 2523 21 41 de
1008 2524 12 40 la
1049 2524 56 41 obra
1135 2524 41 42 del
1199 2524 115 43 maestro
1355 2525 17 42 de
1414 2525 155 44 Eisenach,

117 2561 27 44 La
174 2561 54 44 nota
258 2562 90 43 crítica
378 2562 39 44 que
447 2563 127 43 sintetiza
604 2564 105 42 nuestro
742 2564 87 42 estado
862 2565 21 42 es
910 2565 21 42 el
952 2566 138 41 contraste
1129 2567 69 40 entre
1235 2567 12 40 la
1277 2567 159 41 estimación
1466 2568 21 40 en
1517 2569 39 39 que

118 2611 121 38 tenemos
268 2611 11 38 á
303 2611 85 39 Bach,
409 2612 41 38 que
479 2612 21 38 es
530 2612 125 38 enorme,
677 2612 32 39 tal
730 2612 67 39 como
829 2612 16 39 se
874 2613 102 38 merece
1008 2613 0 38 y
1037 2613 11 39 lo
1083 2613 122 39 reducida
1235 2613 40 39 que
1302 2613 18 39 es
1350 2614 10 38 la
1387 2614 102 39 cultura
1518 2614 40 39 que

118 2654 22 42 de
171 2654 19 43 él
212 2654 144 44 tenemos.
384 2655 135 44 Examiné
541 2655 19 44 el
582 2656 72 43 curso
695 2656 41 44 que
777 2656 9 44 la
824 2656 100 45 cultura
952 2657 22 44 de
1006 2657 63 45 Bach
1103 2657 19 45 ha
1153 2658 101 45 llevado
1285 2658 69 46 fuera
1392 2658 22 46 de
1445 2659 123 46 España;

767 170 1 31 -
817 156 51 49 I5-

500 2826 0 49 O
554 2821 210 55 Biblioteca
806 2821 194 56 Nacional
1027 2822 32 55 de
1101 2822 132 56 Lsull
