1776 2887
873 177 1 37 -
920 166 56 55 18-

213 261 17 40 za
259 261 20 40 de
308 259 134 43 dominio,
462 264 39 39 con
530 264 43 39 una
602 258 56 46 casi
678 256 147 48 maestria,
848 258 88 47 dentro
965 259 23 46 de
1018 266 39 40 sus
1086 265 79 41 pocos
1194 264 79 43 años,
1296 264 0 43 y
1325 263 36 44 con
1390 263 40 45 una
1459 264 183 45 exuberancia

210 309 21 37 de
262 309 164 38 expresión,
447 310 101 37 dirigió
569 311 49 37 este
650 311 158 38 concierto,
827 312 41 37 que
894 312 21 37 ha
946 312 47 37 sido
1027 312 39 38 uno
1097 313 21 37 de
1149 313 31 37 los
1209 313 115 38 mejores
1350 314 20 37 de
1396 314 52 37 esta
1477 314 180 38 temporada.

211 348 24 52 En
270 349 17 51 el
308 349 143 51 programa
482 350 139 50 figuraban
659 352 45 48 Don
742 352 77 48 Juan,
840 353 21 47 de
892 354 128 46 Strauss;
1055 355 10 45 la
1093 355 129 45 overtura
1263 357 21 43 de
1329 357 139 43 Maestros
1507 359 153 41 Cantores,

209 402 40 42 una
279 402 113 42 sinfonía
422 402 20 42 de
473 403 123 41 Enesco,
619 403 39 41 que
689 403 34 41 tal
748 403 36 41 vez
815 403 31 41 me
883 403 106 41 hubiera
1017 404 112 40 gustado
1163 404 17 40 si
1202 404 20 40 no
1256 404 106 40 hubiera
1399 404 81 40 tenido
1522 405 124 39 enfrente

209 445 19 40 al
250 445 74 40 autor
348 446 120 40 llevando
501 446 19 40 el
542 446 107 40 compás
679 447 38 39 con
747 447 11 40 la
788 447 115 40 cabeza;
928 447 19 40 un
977 448 137 40 concierto
1147 448 19 40 de
1199 448 202 40 Saint-Saéns,
1431 449 90 40 tocado
1554 450 41 39 por
1623 450 21 39 un

209 493 111 44 pianista
350 493 41 44 que
420 494 62 43 daba
511 494 109 42 muchas
646 494 74 42 notas
749 495 100 41 faisas,
869 495 56 41 pero
955 495 44 40 que
1028 495 20 40 en
1078 495 97 40 cambio
1207 496 70 39 hacia
1307 496 111 39 muchos
1445 496 94 38 gestos
1568 497 0 37 y
1603 497 42 37 que

211 535 19 39 al
251 535 102 40 público
385 536 11 39 le
425 536 83 39 gustó
529 536 182 40 muchisimo,
735 537 16 39 yo
785 537 19 39 no
836 537 27 39 sé
884 537 40 39 por
951 538 61 39 qué;
1047 538 0 39 y
1077 538 40 39 por
1146 538 83 40 último
1263 539 40 39 una
1333 539 123 39 rapsodia
1485 539 21 39 de
1538 540 110 39 Casella

211 583 109 47 llamada
355 583 93 46 ltalia,
470 584 77 45 cuyos
579 584 80 45 temas
688 584 35 44 son
755 585 167 43 populares.
941 585 58 42 Esta
1027 585 125 42 rapsodia
1181 586 19 41 es
1229 586 128 40 deliciosa
1386 586 67 40 como
1492 587 163 39 sentimien¬

210 628 38 37 to,
271 628 66 37 como
370 629 89 37 ritmos
489 629 0 37 y
520 629 68 37 como
619 629 73 38 color
725 630 160 37 orquestal,
918 630 0 37 y
949 631 40 37 sus
1015 631 99 37 temas,
1144 631 137 38 sicitianos
1312 632 20 37 en
1370 632 18 37 su
1426 632 112 38 primera
1568 633 89 37 parte,

210 672 84 44 tienen
324 672 78 44 cierta
432 672 123 44 analogía
586 673 39 42 con
658 673 18 42 el
700 673 171 42 sentimiento
904 673 111 42 andaluz
1039 674 33 40 (el
1096 674 168 40 verdadero,
1288 674 19 40 el
1334 674 21 40 de
1385 674 183 40 procedencia
1598 675 57 38 ara¬

213 718 41 43 be,
274 718 19 43 no
328 718 16 43 el
370 718 147 43 importado
549 718 42 44 por
616 719 32 43 los
677 719 205 43 comerciantes
904 719 23 43 de
959 719 10 43 la
1001 719 128 43 música).
1161 719 25 43 En
1218 719 90 44 cuanto
1340 720 10 43 á
1378 720 13 43 la
1420 720 119 43 segunda
1571 720 89 43 parte,

212 761 58 42 está
293 761 77 42 hecha
399 762 40 41 con
471 762 80 42 temas
580 763 192 41 napolitanos,
795 764 40 40 que
864 764 224 41 entusiasmaron
1117 765 17 40 al
1157 766 124 39 público,
1301 766 74 39 sobre
1407 767 52 39 todo
1490 767 101 39 cuando
1622 768 32 38 los

214 808 183 41 violoncellos
427 809 124 40 atacaron
583 809 167 41 triunfantes
778 810 22 40 el
822 810 145 40 admirable
1002 810 121 41 funiculi
1148 811 142 40 funicula.

267 858 27 40 La
326 858 95 40 música
454 858 124 39 española
608 858 124 39 continúa
764 858 56 39 cada
853 858 39 38 vez
921 858 40 38 con
990 848 49 48 más
1072 849 167 47 partidarios
1278 851 75 44 aquí,
1383 852 68 43 hasta
1484 854 20 41 el
1527 854 71 40 punto
1631 855 23 39 de

213 896 201 50 preguntarme
444 897 20 48 yo
497 897 17 48 si
537 897 17 47 el
581 897 147 47 verdadero
761 898 194 45 renacimiento
988 899 117 43 español
1135 900 94 42 saldrá
1249 900 23 41 de
1302 900 90 41 Paris,
1416 901 40 39 una
1489 901 40 39 vez
1556 901 40 39 que
1629 902 37 37 to¬

213 941 42 48 das
283 941 32 48 las
341 941 132 48 ilusiones
498 942 23 46 de
553 942 29 46 los
610 942 206 46 compositores
845 943 147 44 españoles
1018 944 90 42 vienen
1136 944 71 42 hacia
1236 945 74 40 aquí,
1332 945 55 40 sean
1419 945 173 40 castellanos
1617 946 42 38 co¬

215 990 28 42 mo
274 986 41 46 del
340 989 120 43 Campo,
482 987 97 45 Villar,
610 987 79 45 Pérez
720 986 104 46 Casas;
855 996 54 36 sean
949 996 142 36 catalanes
1119 996 69 36 como
1223 986 163 46 Granados,
1417 991 13 41 ó
1461 987 198 45 vascongados

214 1039 68 40 como
315 1039 109 40 Guridi.
444 1039 27 40 El
493 1039 57 40 caso
580 1039 20 40 es
630 1039 38 40 que
701 1039 49 40 este
780 1039 38 40 año
851 1039 77 40 abrió
947 1039 99 40 camino
1076 1039 11 40 la
1119 1039 162 40 Asociación
1319 1039 22 40 de
1382 1039 134 40 Concerts
1546 1039 110 40 Rouges

216 1085 38 40 con
287 1085 19 40 un
339 1085 142 40 programa
511 1085 129 40 español,
662 1085 82 40 donde
771 1085 143 40 figuraban
955 1085 0 40 A
982 1085 82 40 lbéniz
1092 1085 38 40 con
1163 1085 19 40 su
1215 1085 167 40 Catalonia;
1404 1085 65 40 Falla
1497 1085 41 40 con
1565 1085 38 40 sus
1631 1085 27 40 me

216 1129 98 41 lodias,
333 1129 44 41 que
407 1129 88 40 fueron
528 1129 205 40 interpretadas
763 1129 41 39 por
829 1129 69 39 Lucy
930 1129 140 39 Villemin,
1103 1129 0 39 y
1133 1129 38 38 sus
1202 1129 87 38 piezas
1319 1129 148 38 españolas
1500 1129 41 37 que
1582 1129 85 37 inter¬

214 1167 83 53 pretó
318 1170 19 49 él
358 1171 105 48 mismo;
495 1167 112 51 Llobet,
636 1172 58 46 cada
733 1170 40 47 vez
813 1167 47 50 más
899 1167 170 49 maravilloso
1101 1170 40 45 con
1174 1168 18 47 su
1220 1166 141 48 guitarra;
1394 1169 144 45 Cassado,
1563 1175 40 38 con
1635 1175 18 37 su

223 1214 129 45 Hispania
385 1215 21 44 de
436 1215 73 43 piano
542 1215 0 43 y
572 1215 147 43 orquesta,
743 1216 0 42 y
773 1216 39 41 por
842 1217 84 40 último
957 1217 21 40 el
999 1217 123 40 firmante
1152 1218 21 38 de
1203 1218 51 38 esta
1284 1218 126 38 crónica,
1431 1219 43 37 que
1504 1219 90 36 estuvo
1627 1220 39 35 re¬

220 1264 164 44 presentado
417 1264 41 43 por
484 1264 21 42 el
528 1263 127 43 Quinteto
687 1263 21 42 de
740 1263 68 42 piano
843 1263 0 42 y
872 1262 94 42 cuerda
1008 1262 0 42 y
1049 1262 41 41 por
1122 1262 9 41 la
1163 1262 62 41 suite
1260 1261 112 41 Sevilla.
1407 1261 27 40 En
1472 1260 106 41 febrero
1610 1260 33 40 ten

217 1307 105 45 dremos
352 1307 19 45 un
401 1308 117 44 festival
540 1308 39 44 del
604 1308 129 44 Cuarteto
767 1309 119 43 Sangrá,
923 1309 0 43 y
954 1309 123 43 Lejeume
1104 1309 40 43 que
1178 1310 107 42 prepara
1316 1310 58 42 dos,
1408 1310 18 42 en
1463 1310 102 42 febrero
1601 1311 0 41 y
1632 1311 22 41 en

222 1356 106 39 marzo.

272 1400 99 41 Parent
396 1400 19 41 ha
448 1400 142 41 empezado
623 1400 33 40 los
686 1400 19 40 I7
730 1400 148 40 cuartetos
900 1400 19 40 de
952 1400 181 40 Beethoven.
1155 1400 65 39 Creo
1250 1400 41 39 que
1322 1400 19 39 no
1374 1400 30 39 me
1437 1400 117 38 cansaré
1574 1400 79 38 nunca

218 1438 22 47 de
269 1439 99 46 oirlos.
391 1440 25 44 En
448 1439 93 45 cuanto
573 1438 10 46 á
602 1444 19 40 su
650 1439 135 45 pianista,
810 1439 80 44 Marta
919 1438 90 45 Dron,
1038 1440 41 43 por
1108 1441 19 42 no
1159 1442 39 40 ser
1226 1443 106 39 menos,
1364 1437 19 45 ha
1422 1437 147 45 empezado
1601 1441 64 40 tam¬

219 1490 52 43 bién
303 1490 40 43 una
374 1490 118 42 audición
524 1490 100 42 integra
656 1490 20 41 de
705 1490 31 41 las
762 1490 17 41 32
808 1490 106 41 sonatas
946 1490 20 40 de
992 1490 92 40 piano.
1107 1490 60 40 «¿Le
1193 1490 40 40 dan
1262 1490 8 39 á
1293 1490 69 39 usted
1397 1490 86 39 mucho
1517 1490 38 39 que
1586 1490 78 38 hacer

218 1533 57 43 esas
304 1533 17 43 32
353 1533 166 42 sonatitas?o
548 1533 49 42 esto
631 1533 12 42 le
674 1533 141 41 preguntó
847 1533 54 41 hace
933 1533 60 41 unos
1022 1533 52 40 dias
1102 1533 20 40 el
1145 1533 90 40 ilustre
1275 1533 103 39 Rister,
1407 1533 40 39 que
1479 1533 17 39 se
1528 1533 137 38 encontró

221 1579 82 44 frente
333 1580 9 43 á
365 1580 43 42 ella
437 1581 20 41 en
490 1582 39 40 una
558 1582 79 40 cena;
660 1580 52 41 pero
745 1576 43 45 por
814 1573 49 48 más
889 1577 43 44 que
961 1573 49 47 hice
1049 1577 20 43 no
1112 1574 62 46 pude
1213 1571 144 49 descubrir
1386 1581 20 38 en
1436 1581 19 38 su
1488 1581 52 38 cara
1580 1572 19 46 de
1629 1576 39 42 ce¬

219 1621 147 47 merciante
398 1623 186 44 acemodado,
607 1626 112 41 ninguna
751 1619 100 47 ironía,
873 1621 42 45 por
940 1622 10 43 lo
985 1623 87 42 menos
1101 1624 19 41 al
1142 1625 142 40 exterior.

286 1665 117 47 También
436 1663 137 49 empiezan
600 1663 30 48 las
660 1664 167 47 sociedades
857 1661 164 50 «Nacional»
1051 1666 0 44 y
1081 1661 43 49 «S.
1145 1665 36 45 M.
1198 1661 0 49 I
1221 1671 20 39 »,
1261 1671 41 39 por
1328 1671 100 39 cierto,
1445 1671 40 39 con
1515 1671 37 38 una
1582 1662 87 47 vuelta

219 1711 10 48 á
252 1711 36 48 sus
317 1712 125 47 antiguas
471 1714 187 44 rivalidades.
681 1709 49 48 Ello
762 1709 20 48 es
808 1710 43 47 que
880 1710 20 47 en
933 1711 9 46 la
975 1711 75 45 época
1083 1712 20 44 de
1132 1712 20 44 su
1185 1712 163 44 fundación,
1381 1714 92 41 Fauré
1492 1715 20 40 se
1541 1715 128 39 encargó

222 1764 19 40 de
274 1764 11 40 la
318 1763 169 41 presidencia
531 1763 0 40 y
561 1763 74 40 tomó
657 1763 19 39 el
701 1763 90 39 puesto
821 1763 41 39 con
893 1762 60 40 gran
991 1762 192 39 entusiasmo,
1213 1762 55 39 pero
1301 1762 68 38 salió
1391 1762 22 38 un
1448 1761 88 39 critico
1577 1761 96 38 intem¬

223 1807 101 48 pestivo
358 1807 59 43 que,
440 1807 19 43 en
492 1807 19 44 su
541 1807 75 45 deseo
649 1807 19 45 de
698 1807 78 46 hacer
803 1807 63 47 mal,
889 1807 74 47 vació
986 1807 19 40 en
1038 1807 19 41 un
1098 1807 131 45 periódico
1274 1797 71 54 todas
1382 1798 113 50 cuantas
1532 1802 138 43 tonterías

223 1854 65 40 tenía
318 1854 20 40 en
370 1854 17 40 su
416 1854 98 39 caletre
547 1854 0 39 y
576 1854 43 39 dijo
651 1854 105 39 además
786 1854 111 38 algunas
936 1844 150 48 verdades,
1119 1845 69 47 entre
1217 1847 62 44 ellas
1309 1848 9 43 la
1351 1848 20 43 de
1400 1849 39 42 que
1472 1850 92 41 Fauré
1590 1851 72 39 habia

224 1899 126 40 aceptado
386 1898 11 41 la
427 1898 172 40 presidencia
629 1898 20 40 en
681 1897 118 41 segundo
843 1897 71 40 lugar
952 1897 0 40 y
991 1897 38 40 eso
1070 1897 41 40 por
1147 1896 106 40 haberla
1292 1896 147 40 rechazado
1480 1895 151 41 Debussy,
1661 1895 8 40 á

225 1939 73 53 quien
328 1941 18 50 se
375 1942 11 49 la
416 1942 91 48 habfan
540 1941 140 48 ofrecido.
702 1940 29 48 De
761 1938 51 50 este
842 1935 154 52 articulito,
1025 1936 81 49 nació
1135 1937 110 47 primero
1278 1938 22 45 un
1330 1939 70 44 duelo
1444 1940 0 42 y
1473 1940 118 42 después
1620 1941 44 40 una

224 1980 114 50 retirada
370 1980 20 50 de
422 1981 90 49 Fauré
533 1983 59 47 que,
612 1984 28 45 sin
671 1985 70 44 dejar
769 1986 20 43 de
821 1987 38 42 ser
887 1980 173 49 presidente,
1084 1982 18 47 no
1136 1979 18 50 ha
1192 1980 83 49 vuelto
1317 1979 48 49 más
1393 1983 42 45 por
1462 1979 56 49 allí.
1549 1983 49 45 Por
1626 1979 48 49 fin,

224 2030 50 47 este
305 2030 41 47 año
377 2030 16 46 se
425 2030 56 46 sabe
512 2030 60 46 que,
594 2030 141 45 olvidando
776 2031 38 43 sus
855 2031 125 43 rencores
1012 2031 37 42 con
1081 2031 12 42 la
1125 2031 135 42 Nacional
1291 2031 0 41 y
1323 2031 37 41 con
1392 2032 106 39 dIndy,
1530 2032 107 39 vendrá
1668 2032 9 38 á

226 2075 72 48 ésta,
318 2075 186 48 conduciendo
537 2075 19 47 su
586 2075 95 46 falanje
710 2075 20 46 de
762 2075 187 46 intérpretes,
972 2075 0 45 y
1001 2075 53 45 deja
1083 2075 10 44 á
1112 2075 40 44 sus
1181 2075 170 44 discipulos,
1381 2075 42 43 que
1456 2075 98 43 forman
1587 2075 23 42 el
1632 2075 33 42 nú

226 2122 50 46 cleo
307 2120 20 48 de
357 2121 13 46 la
400 2122 27 45 S.
450 2123 33 44 M.
507 2124 23 43 I.,
564 2125 36 42 con
634 2118 47 48 tres
711 2120 100 46 palmos
847 2124 21 41 de
908 2118 123 47 narices.
1061 2117 97 48 Estos,
1191 2115 224 49 consternados,
1445 2116 107 47 quieren
1582 2115 10 47 á
1612 2118 57 44 toda

224 2166 72 48 costa
322 2167 134 46 deshacer
483 2165 127 48 antiguos
640 2168 108 44 errores
777 2171 0 40 y
810 2163 111 48 festejar
957 2164 10 46 á
1000 2164 16 46 su
1049 2164 176 45 presidente,
1245 2165 43 43 que
1317 2166 20 42 al
1360 2166 26 42 fin
1425 2167 39 40 irá
1487 2167 20 40 el
1530 2167 32 40 dia
1595 2167 20 39 27
1647 2168 20 38 de

227 2218 52 40 este
309 2218 68 40 mes,
396 2217 173 40 imponiendo
607 2216 178 41 condiciones
826 2216 0 40 y
864 2216 178 40 dificultades
1081 2215 224 40 innumerables.
1332 2215 31 39 De
1393 2215 52 39 todo
1478 2214 49 40 este
1557 2214 109 39 periodo

227 2264 125 39 histórico
383 2264 19 38 se
434 2264 18 38 ha
484 2255 135 47 resentido
653 2256 19 45 el
694 2257 94 44 primer
813 2257 138 43 concierto
982 2253 22 46 de
1036 2254 9 45 la
1076 2255 148 44 Nacional,
1255 2258 19 40 en
1305 2251 19 47 el
1346 2252 60 46 que,
1428 2253 12 44 á
1468 2254 76 43 pesar
1581 2257 22 40 de
1635 2258 37 38 ser

229 2306 13 43 la
271 2305 131 44 Sociedad
434 2303 234 45 eminentemente
700 2301 148 46 scholista,
870 2301 19 45 no
921 2300 142 46 figuraron
1095 2299 48 46 más
1172 2298 38 47 que
1242 2298 74 47 obras
1348 2296 276 48 conservatoriales;
1646 2302 23 41 de

232 2351 218 43 Rauré-¿cómo
485 2349 109 44 no?-de
626 2347 128 45 Debussy
786 2346 0 46 y
818 2346 19 46 de
869 2344 87 47 Roger
984 2344 141 47 Ducasse,
1157 2349 42 41 que
1237 2343 151 47 aseguraba
1429 2345 52 44 muy
1513 2347 64 42 serio
1609 2349 57 39 hace

230 2394 50 48 tres
309 2394 82 47 meses
420 2395 43 46 que
492 2395 20 45 en
545 2395 16 45 su
594 2396 49 44 vida
672 2396 109 43 pondria
810 2396 39 42 una
876 2397 55 41 obra
964 2393 59 44 suya
1052 2390 20 47 en
1105 2390 10 47 la
1147 2388 148 48 Nacional.
1314 2389 79 46 Inútil
1416 2391 69 44 decir
1511 2392 39 42 que
1583 2393 10 41 la
1625 2393 53 40 jun¬

230 2445 15 42 ta
273 2445 20 42 de
322 2444 129 42 gobierno
483 2444 20 42 de
535 2443 48 42 esta
615 2443 132 42 Sociedad
779 2442 109 42 aplaude
919 2442 69 41 hasta
1020 2441 137 42 romperse
1183 2441 32 41 las
1241 2440 89 41 manos
1358 2440 9 41 á
1390 2440 28 41 los
1444 2439 236 41 conservatoria¬

231 2492 32 43 les
293 2492 73 42 «para
396 2492 76 41 hacer
498 2492 86 40 rabiar
613 2492 9 39 á
646 2492 32 39 los
704 2492 112 38 otros».

287 2534 47 43 Los
360 2533 156 43 conciertos
545 2533 124 42 menores
698 2532 18 42 se
748 2532 38 42 van
818 2531 206 42 multiplicando
1056 2531 56 40 poco
1148 2531 8 40 á
1180 2531 79 40 poco,
1280 2530 50 40 bien
1362 2530 135 39 recibidos
1524 2529 55 39 casi
1600 2529 82 39 siem¬

234 2577 36 48 pre
303 2579 39 45 por
372 2582 19 42 un
424 2575 98 48 públlco
555 2575 39 47 que
627 2575 78 47 nunca
735 2575 85 46 paga,
842 2575 17 45 si
878 2575 53 45 bien
973 2575 59 44 unos
1071 2575 40 44 son
1150 2575 186 43 interesantes
1375 2575 0 41 y
1408 2575 69 41 otros
1516 2575 150 40 aburridísi

234 2621 69 46 mos.
325 2620 75 46 Entre
432 2625 31 41 los
491 2619 207 47 interesantes,
720 2623 60 41 debo
811 2617 92 47 hablar
931 2618 19 45 de
984 2618 32 45 los
1044 2618 22 45 de
1097 2619 94 43 Blanca
1223 2619 97 43 Selva,
1352 2620 116 41 inmensa
1502 2621 113 39 pianista
1653 2622 22 37 en

229 2664 25 57 Al
277 2664 73 57 doble
377 2664 106 56 sentido
511 2667 72 52 fisico
619 2662 8 56 é
647 2663 181 55 intelectual,
848 2668 60 48 que,
932 2663 68 53 entre
1032 2661 68 54 otros
1132 2660 173 54 conciertos,
1329 2659 20 54 ha
1385 2661 60 51 dado
1477 2665 41 47 uno
1550 2657 128 54 dedicada

504 2834 0 48 O
558 2827 210 55 Biblioteca
811 2827 195 56 Nacional
1033 2827 31 56 de
1107 2828 151 55 España
