1768 2883
130 261 29 46 me
195 261 93 46 parece
327 261 145 46 probable.
502 262 34 44 Me
573 262 18 44 ha
625 262 120 44 parecido
778 262 108 44 siempre
917 263 49 43 oir,
987 263 141 43 fijándome
1159 263 40 43 con
1227 263 116 42 atención
1374 264 132 41 sostenida
1540 267 18 38 en

131 310 16 40 el
172 310 68 40 canto
273 310 22 40 de
325 310 30 40 los
386 310 106 40 tenores
520 311 22 39 de
572 311 109 39 fuerza,
700 311 33 39 los
761 311 169 39 harmónicos
961 311 114 38 graves,
1095 311 30 38 sin
1155 311 41 38 que
1229 312 27 37 me
1286 312 36 37 sea
1349 312 99 37 posible
1486 312 85 37 preci¬

131 353 36 44 sar
193 353 91 44 cuáles
313 353 38 44 son
388 353 18 43 en
437 354 9 42 la
477 354 67 42 gama
575 354 126 42 musical,
723 354 55 42 esos
806 354 172 41 armónicos.
993 354 87 41 ¿Será
1101 355 62 40 mera
1193 355 89 39 ilusión
1313 355 56 39 mia?

186 400 23 43 El
232 400 72 43 punto
338 400 92 42 estará
447 400 195 42 seguramente
674 400 132 41 analizado
840 400 0 41 y
872 400 223 41 completamente
1127 400 169 40 dilucidado,
1325 400 54 39 pero
1414 400 40 39 yo,
1483 400 20 38 en
1543 400 29 38 mi

129 442 176 46 ignorancia,
327 443 170 45 desconozco
528 444 31 44 las
588 445 91 43 causas
710 445 38 43 del
773 446 82 42 efecto
883 446 41 42 que
949 447 116 41 apunto,
1096 447 10 41 ó
1128 448 147 40 recuerdo.
1297 448 91 40 Mucho
1420 449 153 39 agradece¬

131 493 25 40 ria
188 493 41 40 que
259 493 69 40 algún
358 493 126 40 profesor
511 493 19 40 de
563 493 93 40 música
686 493 28 40 me
744 493 155 40 instruyese
927 494 87 39 acerca
1047 494 38 39 del
1107 494 162 39 particular;
1293 494 39 39 uno
1373 494 19 39 de
1436 494 30 39 los
1504 494 60 39 fines

129 531 23 47 de
183 531 13 47 la
224 531 129 47 REVISTA
387 532 129 45 MUSICAL
550 532 37 45 es,
609 533 223 43 precisamente,
854 534 19 41 el
895 534 22 41 de
958 534 119 41 esparcir
1108 534 32 41 los
1177 535 217 39 conocimientos
1428 535 138 39 musicales

132 574 74 45 útiles
234 574 12 45 ó
268 576 163 44 agradables
461 576 68 45 entre
560 579 37 43 sus
624 581 136 42 lectores.

189 624 24 45 El
234 624 78 45 señor
339 624 73 44 Lizes
442 624 93 44 inserta
565 624 18 44 en
616 624 18 43 su
664 624 141 43 excelente
835 624 109 43 artículo
977 624 69 42 parte
1073 624 21 42 de
1127 624 39 42 una
1205 624 66 41 carta
1310 624 94 41 escrita
1440 624 42 41 por
1518 624 18 40 él
1569 624 9 40 á

133 667 72 48 Saint
241 668 105 47 Saëns.
372 668 39 47 Hé
437 669 59 46 aqui
529 669 20 46 el
581 670 151 45 fragmento
771 671 20 44 de
827 671 13 44 la
869 671 105 44 misma,
997 672 39 43 que
1066 672 29 43 me
1121 672 105 43 sugiere
1255 673 49 42 otra
1334 674 118 41 pequeña
1481 674 95 41 obser¬

140 715 109 40 vación.

176 755 1412 49 «Cuando después de un acorde final (en la Magdalena de París) sea del órgano

136 805 120 45 grande,
284 805 12 44 ó
327 805 36 44 sea
400 806 40 43 del
471 806 77 43 coro,
578 806 148 42 escuchaba
769 806 15 41 yo
827 806 18 41 el
867 807 86 40 sonido
986 807 40 39 que
1057 807 114 39 persiste
1198 807 22 39 en
1250 807 19 38 el
1290 807 95 38 recinto
1416 808 150 37 demasiado

136 852 116 36 sonoro,
273 852 109 37 siempre
415 853 35 36 ese
481 853 86 37 sonido
600 853 69 37 subía
697 854 20 36 de
750 854 20 36 un
801 854 66 37 modo
900 854 149 37 apreciable
1080 855 20 36 en
1131 855 17 37 el
1171 855 127 37 momento
1331 855 20 37 de
1389 855 191 38 extinguirse.

144 895 78 45 Tengo
264 895 21 45 en
324 896 27 43 mi
384 896 84 43 cuarto
511 896 21 43 un
571 897 63 42 reloj
667 897 57 42 cuyo
757 897 87 41 timbre
874 898 57 40 hace
967 898 30 40 oir
1027 898 171 40 vibraciones
1222 899 181 38 secundarias
1430 899 24 37 (la
1487 900 90 36 funda¬

136 938 97 47 mental
255 939 31 46 sin
314 939 63 45 duda
406 939 113 45 alguna)
544 940 9 44 á
572 940 75 44 razón
679 940 18 43 de
729 940 0 43 5
760 941 38 42 por
826 941 141 42 segundo;
989 942 19 41 en
1040 942 18 40 el
1080 942 104 40 silencio
1215 942 22 40 de
1269 943 9 39 la
1319 943 97 39 noche,
1448 943 40 38 que
1523 944 56 37 per¬

136 991 53 40 mite
220 991 143 40 distinguir
391 990 109 40 durante
531 990 87 40 mayor
646 990 90 40 tiempo
767 990 11 40 la
809 990 196 40 prolongación
1035 990 40 39 del
1106 990 109 39 sonido,
1243 989 117 40 aquellas
1402 989 171 39 vibraciones

138 1037 15 37 se
186 1037 119 37 aceleran
336 1037 71 37 antes
435 1037 20 37 de
486 1037 162 37 apagarse.»

192 1081 45 40 Las
264 1081 219 40 observaciones
513 1081 21 39 de
563 1081 73 39 Lizes
665 1081 29 39 las
724 1081 40 38 han
796 1081 99 38 hecho,
916 1081 214 38 seguramente,
1151 1081 40 37 mil
1224 1081 93 37 veces,
1349 1081 72 37 todas
1459 1081 29 36 las
1526 1081 58 36 per¬

136 1127 77 40 sonas
240 1127 22 40 de
292 1127 129 40 aficiones
451 1127 140 40 musicales
624 1127 0 40 y
654 1127 19 40 de
703 1127 52 40 oído
788 1127 242 40 suficientemente
1068 1127 66 40 fino.

195 1170 26 42 Lo
256 1169 86 43 mismo
384 1169 10 43 lo
426 1168 19 43 he
477 1168 90 43 notado
599 1167 19 44 al
640 1167 42 44 irse
714 1166 138 45 apagando
884 1166 19 45 el
925 1165 87 45 sonido
1044 1165 19 45 de
1095 1164 109 46 algunas
1233 1163 141 47 campanas
1406 1163 0 46 y
1435 1162 96 47 cuando
1563 1167 19 42 el

139 1212 131 46 pianista,
292 1212 116 45 después
440 1212 18 45 de
490 1212 41 45 dar
559 1213 37 43 con
628 1213 88 43 fuerza
744 1213 41 42 una
816 1213 72 42 nota,
910 1213 104 42 levanta
1042 1213 12 41 la
1086 1213 62 41 mano
1180 1213 41 41 del
1243 1214 97 39 teclado
1374 1214 0 39 y
1403 1214 50 39 deja
1487 1214 41 38 que
1566 1214 15 38 el

142 1263 87 40 sonido
259 1263 20 40 se
311 1263 58 40 vaya
399 1263 140 40 apagando
569 1263 41 40 por
637 1263 22 40 sí
675 1263 72 40 solo.
768 1263 25 40 Al
818 1263 60 40 final
903 1263 19 40 he
952 1263 115 40 notado,
1089 1263 19 40 no
1138 1263 257 40 constantemente,
1414 1263 55 40 pero
1499 1263 22 40 sí
1538 1263 35 40 con

129 1310 996 38 frecuencia, una elevación claramente apreciable de la nota.

197 1346 27 47 El
247 1349 72 43 autor
345 1343 50 48 dice
424 1343 10 47 lo
467 1343 154 47 siguiente;

181 1388 1415 51 «En el estudio experimental de que hablaré más tarde (en el segundo artículo su¬

126 1435 1470 49 pongo) creí encontrar la explicación del fenómeno, pero haciendo nuevas experiencias

143 1485 28 44 me
202 1483 18 46 he
251 1483 170 46 convencido
451 1485 22 43 de
504 1485 40 43 que
571 1486 130 41 provenía
728 1487 22 40 de
781 1488 49 39 otra
861 1488 114 38 causa».

197 1535 164 39 Esperemos
390 1535 18 39 al
432 1535 117 38 segundo
580 1535 107 38 artículo
718 1535 55 38 para
806 1535 40 38 ver
872 1535 57 38 cuál
950 1535 18 37 es
999 1535 34 37 esa
1064 1535 94 37 causa.
1189 1535 21 37 Yo
1241 1535 42 37 que
1314 1535 18 37 no
1366 1535 73 36 tengo
1481 1535 107 36 compe¬

144 1576 79 43 tencia
252 1576 112 43 musical
388 1577 56 42 para
473 1577 88 42 hablar
588 1577 41 42 del
649 1577 89 42 asunto
773 1578 0 41 y
802 1578 41 41 que
870 1578 12 41 á
908 1578 12 41 la
961 1578 41 41 vez
1037 1578 109 41 carezco
1187 1579 21 40 de
1249 1579 215 40 conocimientos
1499 1580 88 39 fisico¬

142 1619 203 48 matemáticos,
368 1620 29 44 me
427 1621 72 42 limito
532 1621 10 40 á
561 1621 128 41 recordar
718 1622 17 42 el
758 1622 68 44 simil
849 1623 10 44 ó
882 1623 105 45 ejemplo
1020 1624 19 39 de
1072 1624 187 46 comparación
1288 1625 43 42 que
1370 1626 19 40 en
1419 1626 33 39 los
1488 1626 91 38 cursos

147 1667 174 37 elementales
357 1667 21 38 de
420 1668 67 37 fisica
526 1668 19 37 se
581 1668 125 37 presenta
745 1668 10 37 á
784 1668 31 37 los
852 1668 138 38 alumnos,
1018 1669 96 37 cuando
1153 1669 16 37 se
1200 1669 76 37 desea
1304 1669 86 38 darles
1419 1670 49 37 idea
1500 1670 20 37 de
1552 1670 28 37 las

146 1705 173 47 vibraciones
348 1705 38 47 del
409 1709 45 43 aire
483 1705 12 47 ó
518 1706 38 46 del
579 1709 67 43 éter;
672 1709 19 43 es
726 1705 87 47 decir,
845 1705 19 47 de
903 1706 32 46 las
973 1705 174 47 vibraciones
1182 1708 160 44 invisibles.
1371 1705 96 47 ¿Quién
1506 1715 19 37 no
1567 1705 10 47 lo

144 1752 75 46 sabe?
255 1757 27 41 Es
321 1752 20 46 el
370 1752 105 46 ejemplo
504 1752 23 46 de
557 1757 39 41 una
629 1753 81 45 piedra
743 1752 121 46 arrojada
894 1750 16 47 al
933 1752 82 45 agua.
1041 1750 151 47 Alrededor
1218 1753 39 44 del
1277 1754 75 43 punto
1385 1756 20 41 de
1437 1757 95 40 choque
1565 1759 16 38 se

146 1803 97 37 forman
273 1803 195 38 ondulaciones
499 1804 207 37 concéntricas;
727 1804 30 37 las
785 1804 134 38 próximas
947 1805 18 37 al
995 1805 53 37 sitio
1089 1805 18 37 en
1147 1805 41 37 que
1228 1805 66 37 cayó
1325 1805 12 37 la
1373 1806 86 37 piedra
1497 1806 81 37 tienen

147 1848 78 38 cierta
253 1848 79 38 altura
366 1848 0 38 y
396 1848 115 39 guardan
542 1848 67 39 entre
640 1848 17 39 si
679 1848 185 40 determinada
895 1848 146 40 distancia,
1063 1848 56 40 pero
1150 1848 11 40 á
1181 1848 98 40 medida
1310 1848 39 40 que
1388 1848 20 41 se
1439 1848 78 41 alejan
1548 1848 39 41 del

148 1894 86 37 centro
265 1894 10 37 la
308 1894 76 38 altura
414 1895 11 37 ó
447 1895 147 37 intensidad
630 1895 18 37 va
678 1895 178 37 decreciendo
891 1896 0 37 y
922 1896 17 37 en
972 1896 94 37 cambio
1099 1896 18 37 se
1147 1896 109 37 acercan
1287 1896 48 37 más
1370 1897 59 37 unas
1462 1897 10 37 á
1502 1897 89 37 otras.

184 1939 1417 43 La energia del choque se traduce principalmente por intensidad al principio, pero

148 1986 95 40 cuando
283 1986 17 40 se
343 1986 18 40 va
401 1985 138 41 disipando
579 1985 69 41 dicha
688 1985 103 41 energia
831 1985 20 41 en
886 1985 11 41 la
929 1985 92 41 inercia
1052 1985 20 41 de
1104 1985 8 41 la
1144 1985 63 41 masa
1236 1984 23 42 de
1287 1984 84 42 agua,
1391 1984 11 42 la
1431 1984 146 42 intensidad

148 2030 112 37 decrece
293 2030 0 37 y
323 2031 10 36 la
364 2031 104 37 energía
498 2031 41 37 que
574 2031 41 37 aún
653 2031 91 37 actúa,
777 2032 15 36 se
835 2032 124 37 presenta
1002 2032 46 37 más
1091 2033 48 36 bien
1185 2033 18 36 en
1248 2033 74 36 forma
1365 2033 20 37 de
1428 2034 152 36 frecuencia

146 2074 195 41 ondulatoria.

203 2119 63 40 Pues
297 2119 71 40 bien,
390 2119 16 40 si
428 2120 107 40 nuestro
568 2120 49 40 oido
650 2120 137 40 estuviese
817 2120 19 40 en
866 2120 176 41 condiciones
1069 2121 22 40 de
1121 2121 115 40 percibir
1264 2121 30 40 las
1321 2121 170 41 vibraciones
1521 2122 74 40 foné¬

149 2165 62 37 ticas
240 2165 39 37 que
310 2166 29 37 sin
368 2166 96 37 género
495 2166 21 37 de
547 2166 83 38 duda,
651 2167 112 37 produce
794 2167 18 37 el
836 2167 169 38 movimiento
1036 2168 169 38 ondulatorio
1242 2169 39 37 del
1315 2169 59 37 agua
1416 2169 0 37 y
1452 2169 42 38 que
1536 2170 47 37 ésta

150 2211 39 37 nos
228 2211 138 38 transmite
394 2212 42 37 por
464 2212 75 38 medio
570 2212 39 38 del
632 2212 67 39 aire,
719 2213 126 38 oiriamos
870 2213 20 39 un
923 2213 109 39 sonido,
1052 2214 11 38 ó
1083 2214 123 39 conjunto
1234 2214 151 40 harmónico
1416 2214 20 40 de
1467 2215 126 40 sonidos,

149 2253 59 46 cuya
236 2253 148 46 resultante
415 2254 63 45 sería
506 2255 57 44 cada
597 2255 38 44 vez
666 2255 88 44 menos
783 2256 97 43 intensa
914 2256 0 43 y
946 2256 56 43 cada
1034 2257 41 42 vez
1103 2257 47 42 más
1178 2257 101 42 aguda.
1304 2258 0 41 A
1341 2258 29 41 las
1407 2258 82 41 ondas
1527 2259 59 40 altas

151 2304 0 42 y
192 2304 160 42 espaciadas
390 2304 253 42 corresponderían
683 2305 106 40 sonidos
829 2305 95 40 graves
964 2305 118 40 fuertes,
1108 2305 0 40 y
1137 2305 11 40 á
1168 2305 29 40 las
1226 2305 80 40 ondas
1335 2306 20 38 de
1384 2306 60 38 poca
1476 2306 77 38 altura
1588 2306 0 38 y

150 2341 177 48 frecuentes,
350 2340 108 48 sonidos
485 2342 49 45 más
560 2344 121 43 agudos.

207 2388 44 43 Es,
276 2390 110 41 quizas,
414 2392 19 40 no
474 2393 28 39 me
540 2386 91 46 atrevo
672 2386 9 46 á
703 2386 151 46 afirmarlo,
879 2386 31 47 ley
942 2389 21 44 de
995 2388 53 45 todo
1080 2390 9 43 lo
1120 2395 41 38 que
1189 2394 19 39 se
1240 2391 125 42 extingue
1394 2388 160 46 lentamente
1588 2394 0 40 y

150 2442 29 38 sin
210 2442 42 38 que
280 2442 125 38 esfuerzo
436 2442 89 38 alguno
559 2442 122 38 especial
707 2442 78 38 venga
817 2442 10 38 á
848 2442 200 38 contrariarlo.
1069 2442 112 38 Nuestro
1212 2442 156 38 imperfecto
1410 2442 104 38 aparato
1556 2442 39 38 du¬

150 2477 77 45 ditivo
259 2483 38 40 nos
326 2480 90 43 impide
455 2478 115 45 percibir
609 2477 28 47 los
676 2483 103 41 últimos
817 2481 106 44 sonidos
965 2480 16 45 en
1022 2480 10 45 la
1074 2479 112 47 inmensa
1228 2488 112 38 mayoría
1378 2488 20 38 de
1439 2488 29 39 los
1507 2488 93 39 casos.

160 2522 89 55 Tienen
278 2524 11 52 la
319 2525 106 51 palabra
455 2527 29 48 las
514 2528 128 47 personas
672 2530 213 43 competentes.

1304 2569 28 54 F.
1353 2564 177 59 GÁSCUE.

174 2613 215 42 28 Enero 1912.

793 183 0 26 -
844 168 34 48 9-

504 2824 4 54 O
554 2823 214 55 Biblioteca
811 2822 195 55 Nacional
1033 2825 31 52 de
1107 2823 148 53 España
