1756 2876
773 185 0 32 -
825 171 49 46 I5-

121 270 159 38 ralvariado
312 270 20 38 de
364 270 61 39 Bach
460 270 0 39 y
490 270 11 39 la
532 270 136 39 Overtura
699 270 19 39 de
762 270 41 39 Los
827 270 129 40 esclavos
983 270 96 40 felices
1115 270 19 40 de
1170 270 128 40 Arriaga,
1318 270 63 41 que,
1402 270 39 41 con
1474 271 19 40 no
1523 273 33 38 ser

120 311 10 46 la
157 311 102 46 mejor,
280 312 20 45 ni
321 312 85 45 mucho
437 312 110 44 menos,
566 313 22 43 de
616 313 41 43 sus
682 313 94 43 obras,
798 314 101 42 ofrecia
927 314 78 41 cierto
1037 315 97 40 interes
1162 315 69 40 como
1263 316 119 39 primicia
1411 316 22 38 de
1464 317 19 37 su
1517 317 51 37 ma

120 359 108 46 logrado
258 359 71 46 autor
360 360 0 44 y
391 360 67 44 como
492 360 37 44 uno
559 360 25 44 de
612 360 30 44 los
667 360 83 43 pocos
771 360 126 43 numeros
922 361 40 42 que
989 361 19 42 se
1035 361 151 41 conservan
1220 361 18 41 de
1269 361 12 41 la
1312 361 77 41 opera
1422 362 19 39 de
1469 362 36 39 ese
1536 362 31 39 ti

120 405 44 40 tulo
205 405 38 40 que
276 406 123 40 escribio
420 406 20 40 el
461 406 12 40 a
493 406 30 40 los
555 407 103 39 catorce
687 407 65 39 anos
790 407 0 39 y
819 407 115 40 estreno
955 408 20 39 en
1016 408 18 39 el
1061 408 76 39 teatro
1178 409 41 38 que
1249 409 38 38 por
1322 409 133 39 entences
1484 410 73 38 podia

121 448 78 47 haber
227 448 16 47 en
274 449 107 46 Bilbao.
406 449 25 45 Es
459 449 41 45 una
531 449 135 45 Overtura
698 450 19 44 de
748 450 69 44 corte
848 451 0 42 y
877 451 75 42 sabor
977 451 188 42 rossinianos,
1187 452 100 41 aunque
1316 452 18 41 su
1363 452 97 40 primer
1488 453 44 39 tiem

129 496 20 44 po
185 496 17 44 ya
232 497 123 43 presagia
388 498 17 41 al
432 498 106 41 Arriaga
567 499 21 40 de
620 499 32 40 los
682 500 170 38 Cuartetos.

175 544 29 40 El
226 544 64 40 resto
322 544 42 40 del
386 544 135 40 concierto
553 544 77 39 puede
659 544 102 39 decirse
787 544 41 39 que
860 535 42 48 fue
924 536 170 46 consagrado
1120 538 9 44 a
1152 538 96 44 Guridi
1267 539 67 43 como
1366 541 90 40 autor,
1475 542 90 39 diree

122 587 35 44 tor
186 587 0 44 y
216 587 176 44 ejecutante.
413 587 56 43 Bajo
501 587 18 43 su
551 587 132 42 direccion
713 587 82 42 canto
816 587 17 42 el
857 587 53 41 coro
942 587 109 41 infantil
1077 587 21 41 de
1130 587 9 41 la
1174 587 141 40 Academia
1354 587 32 40 las
1418 587 144 40 deliciosas

123 635 110 39 escenas
268 635 40 39 Asi
326 635 96 39 cantan
454 635 35 39 los
516 635 131 39 chicos...
668 635 48 39 mas
745 635 131 39 gustadas
903 635 91 39 cuanto
1026 635 48 39 mas
1103 635 91 39 oidas,
1223 635 147 39 verdadero
1405 635 99 39 modelo
1538 635 30 39 ent

123 677 16 43 su
171 672 122 48 genero.
312 673 160 47 Acompano
492 674 22 45 al
537 674 67 45 piano
636 674 10 45 a
668 674 67 45 Sixto
768 675 93 44 Osorio
893 676 19 42 su
944 676 135 42 Romanza
1114 677 58 41 para
1201 677 99 41 violin,
1329 678 42 40 que
1412 678 26 39 sin
1480 679 83 38 llegar

122 725 58 40 para
211 724 107 41 nuestro
346 723 75 41 gusto
453 723 11 40 a
484 723 12 40 la
527 722 112 41 Elegia,
668 721 89 41 revela
794 721 115 41 siempre
938 720 11 41 la
981 719 141 42 distincion
1156 719 0 41 y
1188 718 126 42 maestria
1346 718 20 41 de
1397 717 101 42 factura
1529 717 41 41 del

124 768 72 43 joven
225 768 187 43 compositor.
435 768 124 42 Estreno
579 768 49 41 tres
654 768 88 41 piezas
771 768 56 40 para
856 768 92 40 piano,
968 768 107 39 cortas,
1095 762 157 45 delicadas,
1268 758 170 48 originalee,
1458 763 43 42 que
1527 765 29 40 sin

124 811 58 37 duda
212 811 21 37 no
266 811 121 38 tardaran
418 812 20 37 en
468 812 152 37 publicarse
658 812 21 37 en
719 812 132 38 lindisima
889 813 134 37 coleccion
1064 813 20 37 de
1122 813 89 37 piezas
1249 813 109 38 liricas.
1391 814 170 37 Finalmente

128 851 115 48 ejecuto
262 852 10 47 la
305 853 68 45 parte
403 855 19 43 de
452 856 98 42 organo
583 850 39 47 del
645 850 82 47 Coral
753 851 101 46 variado
887 851 19 45 de
939 850 85 46 Bach.

180 905 58 40 Para
268 905 22 40 el
312 905 199 40 naturalmente
539 905 87 39 fueron
656 905 33 39 los
717 905 123 39 mayores
864 904 129 40 aplausos
1020 904 20 39 de
1070 904 11 39 la
1111 904 101 39 noche.
1237 904 0 39 Y
1275 904 41 39 con
1346 904 22 38 el
1387 904 30 38 los
1447 904 126 38 compar

129 944 78 46 tieron
238 945 302 45 merecidisimamente
571 946 19 42 el
612 947 78 41 citado
728 947 78 41 senor
837 948 91 40 Alana;
953 948 19 39 el
994 949 79 38 senor
1101 941 138 46 Arisqueta
1270 944 66 42 como
1367 945 117 41 perfecto
1518 948 53 37 pia

129 989 59 52 nista
219 989 18 51 en
268 990 14 50 la
313 990 132 50 Romanza
473 990 42 49 del
536 991 142 48 Concierto
709 991 21 47 en
761 992 28 45 Re
817 992 94 45 Menor
935 992 21 45 de
987 993 108 43 Mozart
1119 993 0 43 y
1151 993 20 42 en
1203 993 17 42 el
1255 994 257 41 acompanamiento
1543 995 21 38 do

127 1040 31 41 los
187 1040 75 41 coros
290 1040 20 41 de
342 1040 106 41 Guridi;
474 1040 0 41 y
503 1040 31 41 los
563 1040 121 41 alumnos
718 1040 69 41 Sixto
827 1040 95 41 Osorio
954 1040 20 40 en
1005 1040 9 40 la
1051 1040 135 40 Romanza
1215 1040 23 40 de
1267 1040 75 40 violin
1388 1040 0 40 y
1419 1040 138 40 Estefania

129 1086 18 42 en
179 1086 17 42 el
221 1076 50 52 solo
299 1077 39 51 del
363 1077 120 51 Preludio
515 1077 21 51 de
575 1076 25 52 El
625 1076 120 52 Diluvio.

1309 1120 33 46 N.
1370 1125 24 40 DE
1442 1120 23 44 T.

130 1310 288 56 BARCELONA

186 1390 52 48 Dia
270 1390 16 48 de
327 1391 113 47 mucho,
462 1391 103 46 vispera
593 1392 23 45 de
645 1392 80 45 pocol
747 1392 125 44 Despues
901 1393 23 43 de
965 1393 29 43 los
1026 1394 109 42 magnos
1164 1394 157 41 conciertos
1350 1395 38 40 del
1414 1395 48 39 mes
1497 1396 74 38 ante

131 1439 67 42 rior,
219 1439 41 42 una
289 1439 47 42 sola
369 1439 38 42 vez
448 1439 17 42 ha
495 1439 100 42 abierto
624 1439 38 42 sus
692 1439 105 42 puertas
827 1439 20 42 el
868 1438 105 43 Palacio
1003 1438 23 43 de
1061 1438 9 43 la
1111 1438 100 43 Musica
1243 1438 133 43 Catalana
1405 1438 109 43 durante
1555 1438 17 43 el

131 1479 98 48 pasado
269 1479 163 48 diciembre;
455 1479 43 47 fue
527 1485 40 41 con
609 1481 92 45 motivo
734 1479 39 47 del
806 1477 134 49 concierto
976 1478 23 47 de
1038 1478 193 47 presentacion
1261 1477 23 48 de
1323 1480 39 45 una
1395 1477 111 47 pianista
1545 1480 20 44 de

133 1530 66 42 trece
230 1530 81 42 anos,
331 1530 115 42 Dolores
474 1530 84 42 Roig.
578 1530 34 42 He
632 1530 64 42 aqui
716 1530 17 42 el
759 1530 141 42 programa
928 1530 161 42 ejecutado:
1118 1530 23 42 1.a
1167 1530 89 42 parte,
1282 1530 23 42 El
1325 1530 112 42 cu-cui,
1457 1530 120 42 Daquin;

139 1567 126 48 Sonata,
294 1567 148 49 Scarlatti;
471 1567 127 50 Preludio
637 1571 0 46 y
670 1567 94 50 Fuga,
785 1568 83 50 Bach;
905 1567 101 51 Sonata
1042 1567 144 52 patetica,
1211 1567 192 52 Beethoven..
1424 1568 22 52 2.
1489 1577 91 43 parte,

139 1613 169 47 Concierto,
330 1614 76 45 Grieg
440 1614 198 45 (acompanado
673 1616 19 42 en
723 1616 22 42 un
773 1616 120 42 segundo
924 1617 69 41 piano
1025 1617 40 41 por
1094 1618 56 39 Bias
1182 1618 75 39 Net).
1288 1619 19 38 3.
1342 1619 91 38 parte,
1461 1619 120 37 Noelur

136 1662 23 42 no
195 1658 0 46 y
231 1657 78 47 Vals,
332 1656 118 48 Chopin;
479 1656 121 47 Siluelas
630 1658 36 45 4.?
695 1662 0 41 y
728 1658 49 45 o.,
797 1657 104 46 Reger;
934 1655 163 47 Arubesca,
1117 1655 147 47 Debussy;
1307 1656 137 46 Nocturno
1477 1664 0 37 y
1509 1656 69 45 Con

142 1711 121 40 solacion
301 1711 50 40 3.a,
372 1711 85 40 Liszt;
485 1711 142 40 Napoles,
649 1711 195 40 Leschetiziri.
871 1711 115 40 Dolores
1016 1711 60 40 Roig
1109 1711 63 40 tiene
1208 1711 19 40 ya
1257 1711 19 40 un
1309 1711 55 40 gran
1397 1711 109 40 dominio
1539 1711 39 40 del

139 1757 161 38 mecanismo
334 1757 0 38 y
366 1757 75 38 posee
473 1756 40 38 una
543 1756 88 38 fuerza
663 1756 3 38 y
695 1756 19 38 un
754 1756 139 38 equilibrio
925 1756 158 37 superiores
1112 1756 8 37 a
1141 1756 40 37 sus
1208 1755 78 38 anos;
1310 1755 40 38 con
1390 1755 69 37 decir
1486 1755 40 37 que
1556 1755 16 37 es

139 1799 133 38 discipula
298 1799 18 38 de
350 1799 110 39 Vidiella
493 1800 0 38 y
522 1800 39 38 que
592 1800 19 38 su
642 1800 112 38 maestro
788 1800 42 38 fue
850 1800 21 39 el
892 1801 110 38 primero
1033 1801 21 38 en
1085 1801 125 38 animaria
1252 1801 10 38 a
1283 1801 78 39 hacer
1390 1802 18 38 su
1439 1802 94 38 debut,
1557 1802 15 38 se

137 1845 155 38 desprende
329 1845 43 39 que
401 1846 19 38 se
460 1846 62 38 trata
551 1846 21 38 de
604 1846 40 38 una
684 1846 131 38 jovencita
844 1846 40 39 que
916 1847 107 38 penetra
1055 1847 61 38 seria
1151 1847 0 38 y
1194 1847 259 39 conscientemente
1482 1848 21 38 en
1543 1848 27 38 las

141 1893 46 40 vias
217 1893 39 40 del
278 1893 82 40 divino
392 1893 69 40 arte.
483 1893 27 40 En
540 1893 104 40 efecto,
674 1893 11 40 a
704 1893 58 40 cada
792 1893 55 40 obra
877 1893 41 40 dio
940 1893 16 40 su
992 1893 60 40 justa
1082 1893 238 40 interpretaciom;
1350 1893 63 40 Bach
1463 1893 0 40 y
1501 1893 82 40 Scos

140 1938 57 41 latti
219 1938 90 41 fueron
348 1938 161 41 ejecutados
536 1938 39 40 con
605 1938 145 40 admirable
780 1938 139 40 claridad,
941 1938 11 39 la
982 1938 85 39 miama
1097 1938 140 39 Patetica,
1259 1938 41 39 que
1327 1938 11 39 a
1360 1938 106 38 alguien
1497 1938 73 38 acaso

140 1984 17 41 no
190 1984 143 41 satisfizo,
353 1984 42 41 fue
415 1984 70 41 dicha
515 1984 40 41 con
583 1984 39 41 una
650 1984 160 41 ingenuidad
843 1984 0 41 y
874 1984 39 41 una
941 1984 129 41 sencillez
1095 1984 42 41 que
1168 1984 109 41 cuadran
1311 1984 50 41 mmy
1392 1984 118 41 biemcon
1544 1984 28 41 las

139 2027 76 37 obras
243 2027 20 37 de
291 2027 12 37 la
334 2027 111 38 primera
476 2028 104 37 manera
608 2028 20 37 de
661 2028 182 37 Beethoven.
871 2029 28 37 En
929 2029 92 37 cuanto
1054 2029 10 37 a
1084 2029 137 37 Chopinry
1259 2029 89 38 Liszt,
1368 2030 58 37 supo
1459 2030 124 37 frasear

141 2072 31 41 los
211 2072 36 41 con
281 2072 20 41 un
332 2072 75 41 gueto
441 2073 0 40 y
480 2073 20 40 un
533 2073 171 40 sentimiento
738 2073 171 40 exquisitos.
937 2074 70 39 Hago
1037 2074 43 39 mis
1113 2074 154 39 fervientas
1298 2074 129 39 votos-y
1455 2075 53 38 creo
1550 2075 23 38 no

140 2112 72 48 seran
245 2112 295 48 defraudados-para
569 2121 39 38 que
641 2113 20 46 el
680 2112 72 47 genio
785 2112 98 47 tutelar
909 2110 20 48 de
962 2110 10 48 la
1001 2110 141 48 simpatica
1175 2112 131 46 piamista,
1332 2114 39 44 que
1404 2115 10 42 la
1446 2116 138 41 preservo

140 2163 18 37 de
192 2163 36 37 ser
257 2163 39 37 una
327 2163 50 38 nina
408 2164 140 37 prodigio,
572 2164 156 37 haciendola
759 2164 57 37 cada
845 2164 31 38 dia
908 2165 49 37 mas
986 2165 163 37 respetuosa
1183 2165 21 37 de
1235 2165 19 37 su
1285 2165 70 38 arte,
1376 2166 13 37 la
1417 2166 99 37 guande
1553 2166 21 37 de

140 2208 57 38 caer
223 2208 21 38 el
265 2208 34 38 dia
327 2208 21 39 de
380 2209 106 38 manana
515 2209 21 38 en
567 2209 29 38 las
624 2209 198 39 aberraciones
851 2210 182 38 lamentables
1059 2210 42 38 del
1127 2210 198 39 virtuosismo.

195 2252 29 40 En
253 2252 147 41 diciembre
435 2252 135 41 despierta
603 2252 20 41 de
653 2252 17 41 su
703 2252 99 42 letargo
843 2252 21 42 el
888 2252 55 42 gran
984 2252 86 43 Teatro
1102 2252 38 43 del
1163 2252 94 43 Liceo.
1293 2252 50 43 Con
1375 2252 9 43 la
1416 2252 100 44 mmierte
1545 2252 38 44 del

143 2300 166 42 tradicional
331 2300 165 42 empresario
539 2300 75 41 senor
645 2300 104 41 Berris,
774 2300 17 41 se
822 2300 106 41 suscito
951 2300 11 40 la
999 2300 120 40 cuestion
1150 2300 22 40 de
1203 2300 12 40 la
1245 2300 233 40 transformacion
1517 2300 68 39 radi

142 2348 38 39 cal
201 2348 40 39 que
273 2348 70 39 fuera
372 2348 40 39 por
439 2348 88 39 demas
567 2348 184 39 conveniente
783 2348 19 39 en
834 2348 106 39 nuestra
970 2348 112 39 primera
1111 2348 115 39 escena;
1255 2348 70 39 mas,
1343 2348 43 39 per
1413 2348 56 39 falta
1501 2348 83 39 mare

142 2393 49 40 rial
213 2393 19 40 de
265 2393 90 40 tiempo
388 2393 55 40 para
473 2393 98 40 pensar
599 2393 19 40 en
648 2393 44 40 ello
725 2393 38 40 con
793 2393 142 40 seriedad,
965 2393 17 40 se
1012 2393 19 40 ha
1064 2393 123 40 aplazado
1222 2393 52 40 nara
1304 2393 50 40 otro
1397 2393 36 40 ano
1466 2393 13 40 la
1509 2393 74 40 reso

142 2433 82 41 lucion
254 2434 43 41 del
316 2434 157 41 problema,
496 2434 221 42 organizandose
748 2436 42 40 una
815 2436 82 41 nueva
928 2436 154 41 temporada
1110 2437 20 40 de
1160 2437 76 41 opera
1267 2438 20 40 ni
1306 2438 82 40 nuejor
1413 2438 19 40 ni
1452 2438 59 41 peor
1536 2439 42 40 que

145 2481 107 37 muchaa
279 2481 219 38 otras.-Peor,
528 2481 28 38 me
594 2481 49 38 dice
676 2481 19 38 al
725 2481 50 38 oido
816 2481 22 38 un
868 2481 104 39 amigo,
988 2481 41 39 que
1070 2481 63 39 tiene
1166 2481 19 39 el
1218 2481 88 39 hiamor
1347 2481 19 40 de
1407 2481 132 40 abonarse
1577 2481 8 40 a

142 2526 243 37 diario.-Acerca
422 2526 21 37 de
478 2526 64 37 ella,
569 2526 58 37 cabe
675 2526 150 38 consignar
862 2527 11 37 lo
905 2527 155 38 siguiente;
1087 2527 56 38 Ante
1180 2527 77 38 todo,
1281 2527 43 38 que
1353 2527 22 38 no
1407 2527 40 39 han
1479 2527 93 39 faltado

146 2564 132 45 Bohemes
318 2565 22 45 ni
361 2565 185 45 Butterflies,
567 2566 0 44 y
607 2566 40 44 que
681 2566 24 45 La
748 2567 138 44 Wallyria
926 2567 19 44 ha
976 2567 49 44 sido
1062 2568 242 44 definitivamente
1347 2569 178 44 incorporada
1565 2570 19 43 al

143 2617 150 37 repertorio
334 2617 137 37 corriente
501 2617 126 38 itallano,
657 2617 11 38 la
701 2617 57 38 cual
788 2617 22 38 da
840 2617 112 39 derecho
985 2617 8 39 a
1024 2617 147 40 ejecutarla
1201 2617 19 40 de
1259 2617 139 40 cuaiquier
1434 2617 66 41 modo
1535 2617 0 41 y
1573 2617 11 41 a

145 2665 84 41 cortar
257 2665 11 41 la
296 2665 70 41 mitad
400 2665 20 41 de
451 2665 11 41 la
493 2665 148 41 partitura.
678 2665 288 41 Aforhinadamente,
986 2665 42 41 dos
1056 2665 160 41 cuatantes,
1238 2665 59 41 que.
1317 2665 36 41 par
1387 2665 173 41 graciazespr

750 1214 219 43 2Sie--

496 2817 0 54 O
548 2816 209 55 Biblioteca
802 2816 193 56 Nacional
1023 2815 32 57 de
1099 2816 149 56 Espana
