1826 2917
159 333 62 44 blco
248 333 13 45 la
292 332 86 46 mayor
405 333 172 46 lmportancia
608 335 40 45 que
679 335 77 45 daban
786 336 10 45 á
814 337 12 44 la
857 337 96 44 música
992 338 0 44 y
1023 339 19 43 el
1066 339 108 44 relativo
1214 340 43 43 lulo
1291 341 18 42 de
1340 342 12 42 la
1383 342 191 43 presentación

147 387 1442 44 escénica, decorado y vestuario. Poca importancia hubiera tenido este hecho aislado,

147 432 1447 42 pero el año 1700 había muerto el último monarca de la casa de Austria y por sn testa¬

163 478 102 38 mento,
283 478 126 39 aceptado
449 479 40 38 por
526 479 54 38 Luis
612 479 66 39 XIV,
708 480 16 38 se
756 480 144 39 entronizó
921 480 19 39 en
969 480 104 39 nuestra
1113 481 80 39 patria
1222 481 11 39 la
1263 481 56 39 casa
1351 481 21 39 de
1404 481 101 40 Borbón
1535 482 40 39 con

165 520 83 45 Pelipe
279 521 18 44 de
331 521 95 44 Anjou;
448 521 12 44 la
491 521 67 44 corte
586 522 21 43 de
641 522 46 43 este
718 522 37 43 rey
786 523 18 42 es
835 523 138 42 francesa,
1003 524 40 41 sus
1077 524 40 41 dos
1157 524 114 41 mujeres
1298 525 40 40 son
1369 525 141 40 itallanas,
1541 526 43 39 ha¬

165 561 48 45 bian
245 560 93 46 pasado
367 561 32 46 los
428 560 109 47 tiempos
566 560 19 47 de
617 563 96 44 Carlos
755 563 0 44 V
794 564 0 43 y
823 564 19 43 de
874 560 83 48 Felipe
986 563 13 45 Il
1025 572 16 36 en
1073 572 32 36 los
1134 572 86 36 cuales
1259 563 19 45 el
1310 562 151 47 castellano
1500 569 16 40 se
1548 562 41 47 ha¬

166 610 70 44 blaba
266 610 17 44 en
316 611 26 43 las
371 611 86 43 cortes
486 611 20 42 de
536 611 167 42 Inglaterra,
724 612 108 41 Francia
862 612 0 41 y
897 613 153 39 Alemania,
1070 613 21 39 en
1120 613 38 39 que
1191 614 17 38 se
1238 614 123 38 extendía
1390 614 12 37 la
1435 614 94 37 lengua
1558 615 20 36 de

171 654 151 42 Cervantes
351 655 38 41 por
418 650 51 46 todo
501 649 20 47 el
543 649 87 48 mundo
662 652 144 45 conocido;
838 651 93 47 ahora,
953 656 20 42 en
1001 652 10 46 la
1043 651 67 47 corte
1139 653 20 45 de
1191 653 131 46 Castilla,
1351 653 19 46 el
1405 659 36 40 rey
1473 653 109 47 hablaba

157 708 1446 37 el francés con los ministros ó los confesores que le mandaba su abuelo; la reina, que

158 748 1445 42 tenía corazón lombardo y espíritu fiorentino, el italiano, con el abate Alberoni, que

171 789 32 42 íba
232 789 11 42 á
263 790 35 41 ser
321 790 77 41 dueño
430 790 20 42 de
482 791 28 41 los
539 791 118 41 destinos
685 792 20 40 de
740 792 121 40 España,
892 793 12 40 ó
932 793 38 40 con
1010 794 31 39 los
1082 794 123 39 cantores
1242 795 9 38 é
1280 795 238 39 instrumentistas
1550 797 37 37 sus

175 839 213 37 compatriotas,
410 840 38 37 que
479 840 58 37 trajo
570 840 53 37 para
654 840 114 37 distraer
801 840 28 37 las
859 840 152 38 pertinaces
1049 841 175 37 melancolias
1252 841 20 37 de
1305 841 18 37 su
1353 841 117 38 marido.
1501 842 25 37 En
1559 842 30 37 los

162 879 1445 47 últimos años de su reinado vino el célebre cantor Carlos Broschi, Farinello, que conti¬

179 923 51 47 nuó
250 924 130 46 sirviendo
407 925 21 45 en
458 926 92 44 palacio
584 927 11 43 á
612 927 30 43 los
673 928 143 42 sucesores
843 930 21 40 de
895 922 85 47 Felipe
1014 922 0 47 V
1048 922 10 47 é
1075 922 85 47 lsabel
1184 922 21 47 de
1232 922 150 47 Farnesio,
1402 922 137 47 Fernando
1573 922 24 47 Vl

181 975 0 41 y
212 975 59 41 doña
302 975 112 40 Bárbara
445 975 20 40 de
496 975 160 40 Braganza.

233 1017 62 46 Era,
316 1014 80 49 según
427 1012 164 50 Riecoboni,
622 1011 128 51 Farinello
782 1011 17 50 el
823 1011 80 50 último
945 1014 0 46 y
979 1015 49 45 más
1056 1017 69 43 joven
1157 1012 20 48 de
1209 1013 31 46 los
1268 1010 114 49 músicos
1421 1009 125 50 ltalianos
1573 1011 21 47 de

165 1058 1448 48 gran reputación: canta por el gusto de Fanstina; pero según la opinión de los inte¬

165 1110 1446 42 llgentes, no sólo es muy superior á ella, sino que ha llegado al último grado de la

167 1145 1446 50 perfección. El éxito de este cantante en la corte fué inmenso, convirtióse en persona

184 1199 20 37 de
234 1199 137 37 confianza
399 1199 20 38 de
450 1200 28 37 los
508 1200 74 37 reyes
612 1200 0 37 y
640 1200 43 37 fué
703 1200 18 37 el
741 1200 41 37 que
807 1200 107 38 dispuso
944 1201 31 37 las
1003 1201 136 37 fastuosas
1170 1201 263 38 representaciones
1461 1202 21 37 de
1520 1202 76 37 ópera

188 1242 120 43 ltaliana.
329 1242 126 43 Dejemos
482 1242 11 43 la
526 1242 103 43 palabra
658 1243 12 42 á
690 1243 135 42 Moratín,
855 1243 41 42 que
928 1243 18 42 en
978 1243 18 42 el
1019 1243 127 42 Discurso
1187 1243 156 42 preliminar
1369 1244 9 41 á
1402 1244 35 41 sus
1466 1244 135 41 comedias

189 1286 67 41 dices
279 1286 19 41 «A
335 1286 50 41 este
413 1286 104 41 hombre
551 1286 216 41 extraordinario
797 1286 17 41 se
845 1286 121 41 encargó
988 1286 11 41 la
1027 1286 135 41 dirección
1187 1286 39 41 del
1254 1286 87 41 Teatro
1372 1286 37 41 del
1434 1286 64 41 Buen
1535 1286 73 41 Reti¬

191 1332 40 38 ro,
250 1332 54 38 para
341 1332 40 38 que
413 1332 16 38 se
461 1331 110 38 hicieran
605 1331 19 38 en
664 1331 16 38 él
702 1331 93 38 óperas
824 1331 139 38 italianas,
993 1331 163 37 igualmente
1185 1331 43 37 que
1268 1330 53 38 todo
1353 1330 11 38 lo
1396 1330 107 37 relativo
1535 1330 11 37 á
1575 1330 32 37 las

193 1369 141 45 serenatas
374 1370 40 44 que
444 1371 17 43 se
491 1371 127 44 cantaban
658 1373 40 42 por
724 1373 17 42 el
768 1374 90 41 verano
891 1371 17 44 en
945 1367 150 48 Aranjuez,
1125 1369 30 46 los
1185 1370 141 46 embarcos
1356 1372 147 44 nocturnos
1533 1374 17 42 en
1593 1375 10 41 la

195 1411 127 49 escuadra
361 1412 36 48 del
430 1412 68 48 Tajo,
520 1413 28 47 las
588 1414 220 46 iluminaciones,
829 1412 98 49 fuegos
952 1409 22 52 de
1002 1410 112 51 artificio
1157 1411 0 50 y
1190 1412 86 49 demás
1305 1413 112 48 festejos
1442 1415 112 46 durante
1593 1417 11 44 la

198 1463 120 44 jornada;
342 1463 18 44 en
393 1463 84 44 suma,
507 1463 72 44 todas
606 1463 30 44 las
672 1463 174 44 diversiones
873 1463 40 44 del
934 1463 102 44 Palacio
1066 1463 18 44 se
1126 1463 78 44 fiaron
1234 1463 12 44 á
1267 1463 15 44 su
1315 1463 171 44 inteligencia
1528 1463 0 44 y
1558 1463 9 44 á
1588 1463 18 44 su

196 1502 60 44 buen
286 1503 93 43 gusto.
403 1503 115 44 Broschi
536 1504 57 43 supo
626 1504 180 43 desempeñar
830 1506 69 41 estos
927 1506 114 42 cargos,
1062 1507 18 41 si
1101 1507 18 41 no
1152 1507 39 41 con
1218 1508 156 40 economia,
1396 1509 39 40 con
1465 1509 144 40 admirable

199 1555 127 38 acierto.»

254 1594 90 40 «Trajo
375 1594 11 40 á
417 1595 95 39 Madrid
554 1595 31 40 los
613 1595 48 40 más
700 1596 157 40 excelentes
882 1596 160 41 profesores
1081 1597 20 40 de
1132 1597 95 41 música
1269 1598 76 41 vocal
1367 1598 12 41 é
1407 1598 216 42 instrumental,

205 1635 173 45 maquinistas
417 1641 0 39 y
449 1635 115 46 pintores
593 1638 19 43 de
654 1640 109 41 escena,
785 1643 0 38 y
827 1637 103 45 adornó
962 1648 29 34 las
1026 1648 266 34 representaciones
1321 1648 38 34 con
1401 1637 212 46 magnificencia

189 1688 1444 42 suntuosa. Cuando se hacían algunos en el salón llamado de los Reinos, cubrían el piso

207 1733 144 40 exquisitas
381 1734 163 40 alfombras,
565 1735 29 39 las
624 1735 109 40 paredes
760 1736 166 40 colgaduras
952 1737 22 39 de
1003 1737 51 39 tisú
1075 1737 22 39 de
1121 1738 61 39 oro,
1201 1738 128 40 espejos,
1350 1739 73 39 tallas
1452 1739 0 39 y
1484 1739 139 40 pinturas,

206 1779 67 39 entre
310 1779 31 40 las
369 1779 87 40 cuales
484 1780 17 39 se
540 1780 146 40 colocaban
717 1780 137 40 estatuas;
877 1780 11 40 la
916 1781 165 40 iluminación
1121 1781 196 41 correspondia
1348 1781 11 41 á
1379 1781 53 41 todo
1463 1782 11 40 lo
1519 1782 107 41 demás;

192 1818 1447 50 los músicos de la orquesta tenían uniformes de grana con galón de plata. En una ópera

196 1873 1443 37 cantada en el Teatro se presentó una decoración toda de cristal; en otra ocasión se

196 1912 1445 44 íluminó la sala del concurso con doscientas arañas; en la ópera de Armida placata se

215 1960 38 39 vió
275 1960 19 39 un
324 1960 52 39 sitio
406 1960 124 39 delicioso
562 1960 39 38 con
631 1960 57 38 ocho
719 1960 104 38 fuentes
850 1960 22 38 de
902 1959 60 39 agua
992 1959 121 38 natural,
1135 1959 0 38 y
1165 1959 41 38 una
1236 1959 66 38 entre
1335 1959 60 38 ellas
1433 1959 38 37 con
1502 1959 22 37 un
1554 1959 79 37 surti¬

199 2003 1442 38 dor que subia á sesenta piés de altura, sonando entre los árboles el canto de una mul¬

201 2050 1441 40 titud de pájaros, imitado con la mayor inteligencia. La riqueza de los trajes, muebles y

215 2092 142 37 uiensillos
385 2092 17 37 de
433 2092 101 38 teatro,
555 2093 30 37 las
613 2093 155 37 comparsas
795 2093 56 37 (que
879 2093 10 37 á
915 2093 71 38 veces
1016 2094 18 37 se
1059 2094 157 37 componian
1254 2094 21 37 de
1305 2094 140 38 cincuenta
1475 2095 114 37 mujeres
1627 2095 0 37 y

218 2135 153 39 doscientos
401 2136 153 39 hombres),
582 2136 11 39 la
625 2136 61 39 vista
713 2137 22 38 de
765 2137 33 39 los
833 2137 126 39 ejércitos
987 2138 41 38 con
1058 2138 139 39 numerosa
1228 2139 164 38 caballerla,
1422 2139 156 39 elefantes,
1600 2140 38 38 ca¬

218 2182 70 38 rros,
309 2182 136 39 máquinas
468 2183 21 38 de
520 2183 115 38 guerra,
655 2183 99 38 armas,
775 2184 149 37 insignias,
952 2184 94 38 música
1077 2184 112 38 militar,
1210 2185 31 37 los
1270 2185 91 37 fuegos
1400 2185 159 38 artificiales
1590 2186 39 37 que

205 2220 1444 47 se veían al acabarse el espectáculo más allá de la escena (cerrándose la boca del Tea¬

210 2272 1440 42 tro, para que el humo no ofendiese, con dos correderas compuestas de los mayores

223 2315 121 39 cristales
373 2315 19 39 de
424 2316 10 38 la
464 2316 96 39 fábrica
589 2316 22 39 de
640 2316 43 39 San
715 2316 166 39 lldefonso),
907 2317 54 39 todo
993 2317 35 39 era
1057 2317 72 39 digno
1161 2318 19 38 de
1212 2318 19 38 un
1263 2318 56 38 gran
1362 2318 120 39 monarca
1511 2319 40 38 que
1584 2319 61 38 disi¬

223 2357 57 47 paba
310 2363 20 41 en
360 2358 51 45 esta
441 2356 130 47 diversión
601 2356 13 46 la
641 2354 141 48 opulencia
812 2360 20 41 de
862 2356 40 45 sus
929 2353 133 48 tesoros.»

261 2401 1394 47 «Los poetas que escribieron las óperas, serenatas é intermadios desde el año l747

212 2443 1445 51 hasta el de I758, fueron: el abate Pico de la Mirandola, Pedro Metastasio, Migliavac¬

230 2500 38 39 ca,
294 2500 56 39 José
374 2500 121 39 Bonechi
519 2500 0 39 y
548 2500 75 39 Pablo
655 2500 82 39 Rolli.
756 2500 43 39 Las
828 2500 88 39 piezas
943 2500 40 39 que
1012 2500 19 39 se
1060 2500 126 39 cantaron
1215 2500 19 39 en
1266 2500 19 39 el
1309 2500 85 39 Retiro
1426 2500 0 39 y
1458 2500 19 39 en
1512 2500 130 39 Aranjuez

217 2532 1440 51 fueron éstas. Operas: Lo Clemenzo di Tito, Angelica e Medoro, Il vellocino d'oro,

217 2578 1443 50 Polifemo e Galalea, Artaserse, Armida placala, Demofoonte, Demetrio, Didone

218 2623 1444 50 abbandonata, Siroe, Nileti, Il Re pastore, Adriano in Siria. Serenatas: L'asilo

220 2669 1443 50 d'amore, La festa chinese, La Nascita di Giove, L'isola disabilata, Le Mode, La

220 2716 1453 53 Ninfa smarrita, Intermedios: Il cavalier Bertoldo, La Burla da vero, La Stalua, Il

812 239 81 54 -I-

533 2857 0 55 O
584 2857 209 55 Biblioteca
836 2857 197 56 Nacional
1061 2857 27 56 de
1132 2857 149 56 España
