1759 2878
746 218 81 41 -7-

68 313 1467 54 mente lo que, para nosotros, es la Alegria y la Vida; pero sin olvidar que la Multitud

89 355 22 42 es
139 351 6 46 á
164 351 107 48 menudo
302 355 57 45 para
390 357 16 44 el
428 358 79 44 Genio
541 361 19 42 un
591 363 79 42 tirano
701 366 113 41 cruel...

484 425 36 56 La
584 423 117 57 razón
761 423 60 57 del
865 422 80 57 más
998 422 136 57 fuerte

679 503 820 40 La razón del más fuerte es siempre la mejor.

1124 546 30 43 LA
1192 547 172 42 FONTAINE.

678 612 861 38 La concupisdencia y la fuerza son el origen de

644 658 895 39 todas las acciones humanas. La concupiscencia

663 703 63 40 hace
754 703 35 40 los
817 703 202 40 voluntarios;
1041 703 14 40 la
1093 703 99 40 fuerza
1227 703 36 40 los
1290 703 238 40 involuntarios.

1303 738 164 48 PASCAL.

145 800 26 43 La
200 801 133 47 reedición
362 800 22 50 de
417 799 29 53 las
472 803 125 50 antiguas
626 801 74 51 obras
729 802 136 50 maestras
891 804 66 47 sufre
990 805 11 46 la
1030 806 88 45 misma
1148 807 84 43 suerte
1261 809 44 41 que
1335 809 18 41 el
1386 810 59 40 viejo
1482 811 51 38 An¬

92 845 145 49 tifonario;
260 849 84 49 suerte
374 844 122 54 nefasta,
519 849 65 49 como
625 845 130 53 ninguna,
785 853 96 44 porque
911 850 53 47 toda
999 847 76 50 orden
1113 849 129 48 religiosa
1284 853 80 43 recien
1406 850 114 46 fundada

97 892 51 42 tuvo
182 893 10 42 á
213 893 47 44 bien
294 894 123 46 ejercitar
444 895 17 46 su
495 895 79 49 poder
601 896 174 50 reformador
809 898 208 47 introduciendo
1058 900 92 44 alguna
1191 901 190 42 modificación
1422 903 21 39 en
1477 903 48 38 este

95 940 143 42 venerable
269 943 195 43 monumento.

152 988 69 38 Cada
251 988 78 39 nueva
359 988 105 39 escuela
495 987 48 40 trae
573 987 111 41 consigo
723 987 39 41 una
792 987 63 42 nube
882 987 21 42 de
933 987 162 42 pedagogos
1134 987 0 43 y
1176 986 118 44 eruditos
1333 986 42 44 que
1408 986 15 45 se
1453 986 72 45 creen

83 1029 1461 51 todos en el caso de reeditar obras antiguas y clásicas. Cada reeditor aporta á esta mi-

83 1076 1461 52 sión-que no me atrevería á llamar piadosa-el fruto de sus laboriosas meditaciones,

84 1122 1463 46 y cree poseer-como los chantres ltalianos y franceses del tiempo de Carlomagno-«la

99 1168 147 42 verdadera
275 1169 97 43 ciencia
404 1170 35 43 del
465 1170 138 45 canto...;»
631 1171 0 45 y
660 1171 29 46 sin
721 1171 148 48 embargo,
885 1172 22 46 el
927 1173 272 45 desmoronamiento
1228 1174 23 42 de
1279 1175 29 40 los
1337 1175 125 40 antiguos
1488 1176 51 37 mo¬

100 1213 141 41 numentos
269 1213 123 42 continúa
423 1213 28 42 sin
483 1213 113 43 tregua,
614 1213 54 43 ante
699 1213 32 44 los
759 1213 147 44 distraídos
935 1213 53 45 ojos
1016 1213 19 45 de
1067 1213 40 46 una
1139 1213 119 46 multitud
1289 1214 22 46 de
1343 1216 119 45 eruditos
1490 1221 41 40 que

100 1256 41 43 han
173 1257 160 44 convertido
362 1260 20 41 en
413 1261 104 42 piqueta
548 1263 11 40 la
590 1264 127 40 antorcha
748 1266 165 40 salvadora.

156 1302 122 45 Porque,
297 1308 9 40 á
325 1307 25 41 fin
382 1305 18 43 de
432 1303 128 45 cuentas,
582 1308 69 41 estas
680 1309 97 40 nuevas
805 1304 276 46 ediciones-aparte
1110 1314 185 37 excepciones
1320 1314 197 38 meritísimas-

86 1352 1468 45 no contienen nada que justifique su existencia...; nada más que la «razón social», (la

104 1399 107 37 palabra
244 1400 91 37 social
358 1401 17 36 es
406 1401 63 37 aquí
487 1401 23 37 un
540 1402 129 37 delicioso
700 1403 192 38 eufemismo),
923 1404 13 37 la
966 1404 114 38 etiqueta
1118 1405 150 38 comercial
1290 1406 41 38 que
1361 1407 31 37 las
1420 1407 121 38 cubre...

158 1439 31 48 Un
216 1440 131 51 ejemplo:
375 1442 77 48 Túrk,
472 1443 147 46 Westphal
638 1445 0 42 y
669 1446 70 41 Hugo
770 1447 143 47 Riemann,
933 1448 19 45 en
983 1439 151 54 Alemania;
1154 1441 97 50 Mathis
1278 1442 81 48 Lussy
1390 1444 0 45 y
1425 1442 16 47 J.
1460 1441 81 48 Com¬

101 1483 109 44 barieu,
230 1490 22 37 en
283 1490 127 38 Francia,
430 1490 39 38 han
500 1490 100 38 tratado
632 1490 21 39 de
682 1490 144 40 coordinar
862 1490 0 40 y
894 1490 173 41 generalizar
1091 1490 29 41 los
1147 1490 146 42 principios
1323 1490 20 42 de
1373 1490 12 42 la
1417 1490 123 43 racional

101 1528 218 46 interpretación
350 1530 119 44 rítmica.
491 1532 25 42 Se
547 1532 63 43 creia
638 1533 41 42 que
707 1533 51 42 esto
789 1534 69 42 fuera
890 1535 9 41 la
930 1535 98 41 muerte
1059 1537 38 39 del
1119 1537 147 40 empirismo
1301 1539 69 38 ciego
1404 1540 10 38 é
1433 1540 116 38 incons¬

105 1578 81 39 ciente
220 1579 0 38 y
251 1579 18 38 el
295 1580 133 39 comienzo
459 1581 39 38 del
522 1581 65 39 reino
621 1582 18 38 de
670 1582 13 38 la
712 1583 73 38 razón
813 1583 19 39 en
863 1584 13 38 la
905 1584 216 40 interpretación
1157 1586 128 39 musical.
1313 1587 0 38 Y
1342 1587 29 39 sin
1399 1588 146 39 embargo,

104 1622 114 40 ninguno
249 1622 18 40 de
298 1622 125 41 nuestros
451 1622 144 42 modernos
623 1622 150 43 reeditores
804 1622 92 44 parece
927 1622 110 45 haberse
1068 1622 58 45 dado
1157 1627 43 41 por
1231 1624 147 45 enterado,
1406 1629 21 40 ni
1449 1630 89 40 menos

110 1662 32 45 los
168 1662 157 46 virtuosos,
347 1662 42 46 por
414 1662 10 47 lo
456 1669 42 40 que
526 1669 20 40 el
568 1667 96 43 fraseo
696 1664 115 46 musical
834 1670 122 41 continúa
984 1667 141 45 vejetando
1154 1666 51 46 bajo
1237 1673 17 40 el
1279 1670 119 43 régimen
1430 1667 109 47 tirámico

91 1706 1468 52 de la barra divisoria del compás, ó bajo la sospechosa égida de la «inspiración» y de la

92 1750 231 53 «intuición»...

164 1806 61 42 Otro
256 1806 129 42 ejemplo;
408 1806 41 42 nos
477 1806 98 42 reveló
598 1807 210 41 Moszkowski,
828 1807 57 41 hace
917 1807 60 41 buen
1009 1807 100 41 número
1141 1807 20 41 de
1198 1807 78 41 años,
1307 1808 184 40 digitaciones
1520 1808 20 40 de

109 1849 42 45 una
182 1849 173 45 maravillosa
386 1849 81 45 lóglca
496 1850 88 44 (hablo
615 1850 75 44 ahora
719 1850 56 44 para
807 1850 28 44 los
866 1850 135 44 panistas)
1026 1850 0 44 y
1055 1850 22 44 de
1108 1850 38 44 una
1174 1850 113 44 siempre
1315 1851 63 43 fácil
1403 1851 0 43 y
1434 1851 107 43 cómoda

97 1894 1460 51 aplicación. Los reeditores lo ignoran, ó, lo que es peor, aparentan ignorarlo, pues las

111 1939 49 43 más
188 1939 139 45 recientes
352 1940 138 45 ediciones
518 1940 22 45 de
573 1940 83 46 Bach,
676 1940 20 47 de
729 1940 124 48 Mozart,
873 1941 20 47 de
923 1941 87 48 Haydn
1043 1941 0 42 y
1073 1941 20 40 de
1126 1941 137 40 Beetoven
1296 1941 61 40 son,
1383 1942 10 39 á
1413 1942 50 39 este
1493 1942 60 39 res¬

109 1982 96 48 pecto,
225 1983 21 47 de
274 1983 43 48 una
345 1984 196 51 imperfección
582 1985 0 50 y
612 1986 22 50 de
664 1986 41 49 una
735 1987 187 48 insuficiencia
952 1988 41 44 que
1023 1989 23 42 no
1076 1979 97 51 pueden
1214 1977 187 51 describirse.
1435 1977 56 49 Esto
1525 1984 18 40 es

100 2024 1463 57 absurdo é increíble, pues ya nadie pone hoy en duda la importancia de este «medio» en

99 2067 438 56 la interpretación al piano.

170 2119 65 47 X...,
255 2121 24 45 en
306 2122 50 45 fin,
376 2124 101 43 publica
510 2126 40 41 una
580 2120 91 47 sonata
697 2120 22 48 de
749 2121 128 47 Veracini
910 2123 81 45 cuyas
1028 2115 41 54 dos
1098 2115 129 54 primeras
1256 2114 88 54 partes
1374 2119 37 42 han
1444 2115 44 46 sido
1521 2113 37 48 to¬

100 2161 1462 48 madas de una obra y la tercera de otra composición del mismo autor. Z... publica cier-

102 2206 1466 56 ta conocida pieza de clerto autor antiguo, con un título apócrifo, y consigue así colo¬

117 2256 41 44 car
182 2256 23 44 un
237 2256 196 47 considerable
460 2257 106 48 número
598 2257 21 49 de
652 2258 159 50 ejemplares
840 2258 21 42 de
894 2258 39 43 una
962 2258 58 44 obra
1053 2259 39 44 que
1136 2259 50 46 todo
1219 2259 18 46 el
1262 2259 87 48 mundo
1381 2259 76 48 posee
1490 2260 10 41 ó
1522 2260 40 39 co¬

105 2296 1465 55 noce... Cierto célebre virtuoso presta su nombre á cierta edición monumental...; su

119 2345 108 45 nombre
258 2345 1 45 y
290 2345 58 45 nada
379 2346 69 44 más,
469 2346 91 44 puesto
588 2346 64 43 que,
671 2346 29 43 sin
732 2346 80 43 duda,
834 2346 19 43 no
885 2347 58 42 está
966 2347 19 42 en
1017 2347 176 42 condiciones
1222 2347 19 41 de
1273 2347 74 41 hacer
1376 2348 48 40 otra
1456 2348 77 40 cosa,
1549 2348 9 40 á

119 2390 77 43 pesar
221 2388 40 45 del
286 2387 69 46 título
387 2391 22 42 de
436 2389 103 54 erudito
566 2399 42 44 con
639 2399 40 43 que
707 2399 19 42 se
758 2399 113 41 adorna.
895 2396 1 42 Y
931 2388 37 50 asi
992 2388 265 49 sucesivamente...

159 2430 1412 59 Por ota parte, los musicólogos, estos seres «tan inútlles» al decir de algunos vir¬

120 2475 116 46 tuosos,
256 2481 42 41 han
326 2477 174 47 descubierto
531 2487 36 38 las
590 2487 108 40 fuentes
727 2487 18 41 de
786 2487 103 42 nuestra
928 2478 159 54 literatura,
1116 2484 41 40 nos
1194 2481 40 43 han
1263 2478 74 46 dicho
1381 2478 66 46 cómo
1476 2478 19 46 se
1524 2489 41 35 re¬

124 2524 86 45 monta
238 2524 71 48 hasta
337 2525 49 50 allí
403 2525 2 47 y
436 2525 13 47 la
476 2525 105 52 manera
608 2525 23 51 de
660 2525 85 50 saciar
770 2525 23 49 en
825 2526 60 48 ellas
914 2526 103 47 nuestra
1050 2526 81 46 sed...
1153 2526 117 53 ¡Tiempo
1299 2527 129 52 perdidol

161 2567 1414 47 La mayoría de nuestras ediciones modernas nos aleja cada vez más de estas fuentes

108 2612 1467 54 para sustitulrlas por otras menos puras, menos saludables, pero, es de creer, más fáci¬

122 2652 36 48 les
180 2653 23 51 de
234 2655 89 53 captar
350 2657 2 44 y
379 2658 23 45 de
433 2659 48 51 más
508 2660 192 51 considerable
733 2660 195 51 rendimiento.
952 2659 0 47 Y
990 2657 70 46 estos
1089 2658 141 46 modernos
1259 2662 137 43 revisores
1437 2660 129 54 acortan,

108 2698 1313 60 alargan, modifican, y transforman casi hasta el crimen... Pululan los ejemplos,

497 2818 0 56 O
549 2818 213 56 Biblioteca
806 2818 193 56 Nacional
1027 2818 32 56 de
1099 2818 149 56 España
