1778 2888
769 149 108 61 -16́-

115 251 211 46 tmas-tasebras
357 252 221 50 monumentales
606 253 122 50 editadas
756 253 44 49 por
827 253 10 48 la
872 254 300 47 Bach-Gaselschafi
1206 255 3 44 y
1236 255 14 43 la
1284 255 27 43 N.
1339 255 78 43 B.G.,
1451 256 17 41 el
1492 256 75 41 estu¬

112 300 31 38 die
172 300 15 38 se
219 300 127 39 hamecho
377 301 99 38 posible
505 301 39 38 con
578 301 57 38 gran
674 301 179 39 comodidad;
885 302 10 38 la
934 302 164 38 producción
1137 302 114 38 literaria
1288 302 41 39 que
1361 303 65 38 como
1462 303 99 38 conse¬

114 346 105 39 cuencia
248 346 21 39 de
299 346 51 40 esto
382 347 16 39 se
427 347 21 39 ha
480 347 131 39 realizado
643 347 22 39 es
692 347 125 39 enorme.
839 348 243 39 Caracteristico,
1100 348 73 39 entre
1199 348 150 40 nosotros,
1365 349 21 39 es
1413 349 43 39 que
1485 349 72 39 estos

111 391 204 42 libros-sobre
346 392 55 41 todo
432 392 32 41 los
493 392 158 41 manuales,
671 393 40 40 que
743 393 120 40 resumen
895 394 29 39 las
955 394 193 39 conclusiones
1176 395 176 38 halladas-,
1372 395 37 38 son
1438 396 52 37 muy
1521 396 40 37 co¬

110 439 109 40 nocidos
249 439 39 40 por
315 439 129 40 nuestros
471 439 208 40 profesionales
709 439 0 40 y
739 439 191 40 aficionados;
958 439 54 40 pero
1051 439 71 40 nadie
1149 439 96 40 conoce
1272 439 38 40 llas
1346 439 77 40 obras
1450 439 107 40 critica¬

110 479 59 47 das,
188 479 31 47 las
248 480 75 46 obras
351 480 167 45 originales:
543 481 19 44 es
590 482 41 43 una
659 482 119 43 cultura,
800 483 54 41 toda
882 483 41 41 ella
954 484 19 40 de
1004 484 120 40 segunda
1158 485 0 39 y
1187 485 103 39 tercera
1322 485 91 38 mano.

172 527 20 44 Yo
225 527 152 44 preconicé
398 527 12 43 la
439 527 150 43 aplicación
619 527 20 42 de
671 527 18 42 un
721 527 100 42 método
857 527 47 42 más
933 527 159 41 cientifico,
1112 527 21 41 de
1165 527 89 40 mayor
1289 527 88 40 rigor,
1398 527 20 40 el
1439 527 41 39 que
1512 527 44 39 hoy

113 575 17 41 se
155 575 107 41 iemplea
290 575 19 40 en
340 575 73 40 todos
444 575 31 40 los
503 575 120 40 estudios
651 575 11 40 é
685 574 241 40 investigaciones
957 574 0 40 y
987 574 9 40 á
1015 574 17 40 su
1066 574 202 39 demostración
1313 574 120 39 dediqué
1455 574 31 38 las
1514 574 42 38 dos

110 614 106 47 tardes.
241 614 138 47 Presenté
401 615 29 45 las
461 615 157 45 ediciones,
640 616 135 43 estableci
797 616 31 43 las
856 617 157 41 categorias
1048 617 22 41 de
1098 617 31 41 las
1158 618 97 39 obras,
1274 618 106 39 enseñé
1402 618 19 39 su
1453 619 100 37 manejo

114 667 76 42 según
222 666 21 43 él
266 666 136 42 problema
431 665 41 43 que
504 665 21 43 en
554 665 59 42 cada
643 664 129 43 momento
804 664 80 43 puede
913 663 170 43 proponerse
1113 663 20 43 un
1166 662 194 43 investigador
1392 662 0 43 y
1421 661 118 44 procedí
1553 661 12 43 á

114 712 115 38 realigar
261 712 86 38 varies
376 711 141 38 ejercicios
547 711 136 38 prácticos
712 711 160 38 ejecutando
904 711 22 37 en
955 711 19 37 el
998 711 69 37 piano
1099 710 118 38 muititud
1249 710 18 37 de
1299 710 96 37 obras.

169 755 43 42 Los
241 755 147 42 ejercicios
416 755 184 42 consistieron
635 756 238 41 singularmente,
896 756 20 41 en
945 756 109 41 deducir
1083 756 20 41 el
1123 756 124 41 carácter
1270 757 23 40 de
1321 757 12 40 la
1359 757 57 40 obra
1445 757 20 40 de
1494 757 60 40 Baca

118 803 0 42 y
147 803 118 42 mostrar
290 802 38 42 sus
356 802 164 42 principales
552 801 103 42 facetas
686 801 170 41 valiéndome
887 801 23 40 de
939 801 34 39 los
999 800 141 40 Preludios
1169 800 40 39 del
1232 800 77 39 Clave
1341 799 49 39 bien
1421 799 147 39 tempera¬

114 840 45 45 do;
192 840 21 45 en
243 841 21 44 un
309 841 105 44 análisis
453 842 184 42 comparativo
679 843 21 41 de
739 843 42 41 una
823 843 42 41 son
895 844 36 39 ala
976 844 96 39 biblica
1111 845 21 38 de
1174 845 109 38 Ruhnau
1325 846 0 37 y
1355 846 18 36 el
1406 846 150 36 Capmicclo

120 887 76 48 sopra
232 888 13 46 la
278 888 180 46 lomtananza
487 890 43 43 del
556 890 39 43 suo
628 891 111 42 fralello
772 884 164 48 dilettisimo
965 885 20 46 de
1014 885 86 46 Bach,
1116 886 101 44 estudio
1247 887 200 43 conocidísimo
1473 889 42 39 que
1542 890 19 38 se

117 932 69 46 suele
217 933 78 45 hacer
320 934 32 43 sin
380 935 38 42 oir
446 936 28 41 las
505 936 94 41 obras,
621 930 10 46 á
653 930 131 46 remediar
813 931 9 45 lo
853 931 69 44 cual,
944 932 211 43 simplemente,
1186 934 12 40 á
1227 934 78 40 hacer
1330 934 41 40 una
1402 935 166 39 comproba¬

117 978 51 48 ción
198 977 210 48 experimental
431 978 0 46 y
465 979 20 45 no
515 980 10 44 á
548 981 77 43 hacer
659 984 20 39 un
712 975 157 48 hallaago,
899 975 91 47 estaba
1026 973 161 48 destinado;
1220 977 50 43 otro
1314 972 123 47 ejercicio
1477 972 44 47 fué
1541 974 20 44 de

118 1031 107 39 eramen
257 1031 0 38 y
287 1030 192 39 comparación
525 1030 21 39 de
575 1030 158 38 ediciones,
765 1030 56 38 para
859 1029 114 38 mostrar
1003 1029 11 38 la
1046 1029 101 38 ventaja
1187 1029 40 37 que
1259 1029 48 37 esto
1340 1028 61 38 tiene
1441 1028 56 37 para
1527 1028 42 37 ha¬

117 1073 70 42 cerse
216 1071 39 44 con
287 1069 22 45 un
338 1068 80 46 cierto
450 1071 106 43 criterio
588 1066 19 47 de
639 1066 225 47 interpretador,
896 1068 0 44 y
925 1068 54 44 para
1018 1069 135 43 discernir
1181 1070 20 41 en
1233 1071 29 40 lus
1290 1071 135 40 lecturas;
1457 1072 19 38 el
1508 1073 49 37 otro

118 1113 44 48 fué
185 1114 10 47 la
229 1114 140 47 evolución
399 1116 20 44 de
449 1117 10 43 la
489 1111 218 49 interpretación
737 1112 20 47 de
790 1112 60 47 Bach
884 1114 40 45 por
954 1115 130 44 análogos
1115 1117 150 41 procesos.

170 1206 139 45 Geatro
355 1206 190 44 Renl.-El
566 1206 172 43 movimiento
772 1206 37 42 del
833 1206 83 42 cartel
938 1206 76 42 desde
1045 1206 31 41 mi
1097 1206 86 41 última
1214 1206 101 41 crónica
1346 1206 76 40 acusa
1450 1206 31 40 las
1508 1206 59 39 des¬

119 1248 111 49 pedidas
258 1250 21 47 de
307 1251 13 45 la
352 1246 239 50 Rriesten-Rabl,
612 1247 11 49 la
650 1247 125 49 Storchia
810 1247 0 48 y
838 1248 198 47 Rousseliére,
1057 1249 83 45 Olello
1168 1249 38 45 con
1241 1249 10 45 la
1283 1250 163 44 Gagliardi,
1463 1250 77 43 Paoll
1561 1251 0 42 y

121 1299 163 42 Benedetti,
309 1299 160 41 Lohengrin
511 1299 39 41 con
592 1299 28 40 las
651 1299 109 40 señoras
791 1299 28 40 De
850 1299 90 39 Lerma
982 1299 0 39 y
1013 1299 132 39 Guerrini
1181 1299 0 38 y
1217 1299 96 38 Viñas,
1346 1299 135 38 Rigoletto
1520 1299 40 37 con

121 1346 11 40 la
164 1346 99 40 Domar
290 1346 134 40 primero,
446 1345 39 40 con
526 1345 112 40 Josefina
679 1345 66 40 Sanz
775 1345 137 40 después,
942 1345 109 39 Macuez
1084 1345 0 39 y
1114 1345 79 39 Nani,
1229 1344 55 40 Aida
1319 1344 39 40 con
1390 1344 31 39 las
1451 1344 112 39 señoras

122 1384 147 48 Gagllardi
295 1385 0 46 y
324 1385 144 46 Guerrini,
494 1385 0 46 y
526 1385 141 46 Scampini
689 1386 68 44 como
789 1386 93 44 tenor,
901 1387 0 42 y
933 1387 23 42 el
978 1387 106 42 estreno
1116 1387 19 42 de
1170 1388 234 40 Resurrección,
1436 1389 20 38 ya
1491 1389 83 38 anun¬

120 1431 69 46 clado
220 1432 19 45 en
270 1433 32 43 mi
324 1434 84 42 áltima
440 1435 122 41 crónica.
584 1429 28 46 En
644 1429 31 46 las
703 1430 94 45 óperas
829 1430 182 45 nuevamente
1039 1432 110 42 puestas
1183 1433 41 40 hay
1256 1433 40 40 que
1325 1433 109 40 apuntar
1463 1434 31 38 los
1519 1435 54 37 éxi¬

120 1474 35 48 tos
181 1474 22 48 de
235 1474 10 48 la
277 1475 147 46 Gagliardi
447 1475 19 46 en
501 1475 81 46 Otello
614 1476 0 44 y
655 1476 77 44 Aida,
752 1476 32 44 los
812 1476 23 44 de
864 1477 90 42 Paoli,
976 1477 141 42 Scampini
1149 1478 0 40 y
1191 1478 74 40 Viñas
1293 1478 20 40 en
1345 1478 38 40 sus
1412 1478 74 40 obras
1515 1479 57 38 res¬

120 1522 144 45 pectivas,
286 1521 0 45 y
318 1519 20 46 el
360 1519 19 46 de
411 1520 109 45 Macnez
549 1522 3 42 y
584 1523 64 40 Nani
671 1524 19 39 en
725 1516 157 46 Riavletto.

173 1562 181 48 Del-estreno
384 1564 23 46 de
441 1565 207 44 Resurrección
681 1567 61 42 poco
772 1568 60 41 debo
862 1561 87 48 decir.
969 1562 27 46 La
1026 1563 103 45 célebre
1156 1564 90 44 novela
1276 1566 21 42 de
1337 1566 113 42 Tolstoi,
1470 1568 20 39 ha
1517 1568 57 39 ser¬

123 1609 49 48 vido
205 1609 20 48 de
254 1610 59 47 base
343 1611 9 46 á
375 1611 85 45 César
490 1613 105 43 Hannau
628 1615 55 41 para
713 1608 177 48 compendiar
919 1617 20 38 en
968 1617 20 38 su
1021 1608 59 47 libro
1112 1617 59 38 unas
1201 1617 108 38 cuantas
1348 1617 134 37 escenas,
1502 1614 10 40 á
1535 1608 29 46 las

123 1661 39 42 que
192 1657 59 46 puso
283 1655 95 48 música
408 1656 23 46 un
463 1657 72 45 joven
568 1658 170 44 compositor
765 1657 127 45 italiano,
922 1654 9 47 á
951 1654 72 47 quien
1056 1656 16 45 no
1105 1656 69 45 habia
1206 1657 53 44 oído
1291 1658 125 43 nombrar
1442 1660 72 40 antes
1543 1662 20 38 de

122 1702 98 48 ahora:
243 1702 108 47 Francó
374 1703 111 46 Alfano.
508 1703 26 45 La
567 1703 56 45 obra
652 1703 20 45 no
705 1703 85 45 gustó
813 1703 0 44 y
842 1703 72 44 hasta
944 1704 104 43 motivó
1068 1704 52 42 otra
1160 1704 121 42 protesta
1313 1704 20 41 de
1366 1705 32 40 los
1428 1705 137 40 abonados

124 1755 98 40 cuando
255 1755 17 40 se
302 1754 71 40 hacia
403 1754 11 40 la
444 1754 104 40 tercera
578 1754 11 39 ó
611 1754 88 39 cuarta
732 1754 57 39 vez.
811 1754 25 39 La
866 1753 87 39 critica
984 1753 82 39 trató,
1090 1753 20 39 en
1140 1753 128 39 general,
1298 1752 266 39 despiadadamente

123 1793 19 47 al
165 1793 92 47 autor,
277 1794 170 45 lamentando
479 1795 41 43 que
552 1796 125 42 mientras
706 1797 23 40 el
758 1797 86 40 Teatro
876 1790 64 46 Real
963 1792 61 44 está
1043 1794 58 42 casi
1120 1788 106 47 cerrado
1255 1789 54 46 para
1341 1791 32 43 los
1402 1792 173 42 composito¬

124 1845 35 40 res
188 1844 169 41 esgañoles,
377 1844 17 41 se
426 1844 40 41 abi
481 1844 20 40 an
532 1844 38 40 sus
598 1843 107 41 puertas
736 1843 9 41 á
771 1843 112 41 jóvenes
912 1843 40 41 que
981 1842 135 42 empiezan
1147 1842 17 42 su
1190 1842 107 42 carrera
1323 1842 20 41 en
1371 1841 72 42 otros
1469 1841 106 42 paises,

123 1882 29 48 sin
184 1882 38 48 que
251 1882 38 48 sus
318 1883 77 46 obras
424 1883 99 46 traigan
555 1883 22 45 el
600 1883 150 45 marchamo
782 1884 20 44 de
834 1884 9 44 la
875 1884 176 43 celebridad.
1074 1885 89 42 Alfano
1195 1885 20 41 es
1243 1885 23 41 en
1298 1885 16 41 su
1346 1885 77 41 ópera
1455 1886 19 39 un
1506 1886 67 39 Pue¬

123 1926 101 49 ciniein
257 1926 123 48 Puecini:
404 1926 30 48 los
464 1925 257 48 precedimientos,
751 1925 10 47 la
801 1923 274 49 instrumentación,
1095 1926 10 44 la
1142 1923 133 47 dirección
1305 1922 121 47 artíatica
1456 1931 40 38 van
1529 1931 40 37 por

126 1973 16 48 el
168 1973 112 48 eendero
309 1974 166 46 delccélebre
508 1974 115 45 maeetro
652 1975 128 44 italiano,
803 1975 54 43 pero
889 1976 90 42 fáltale
1008 1976 16 41 su
1056 1976 86 41 calor,
1171 1977 42 40 sus
1251 1977 106 39 cosas,
1386 1977 38 39 ese
1457 1978 109 38 encanto

126 2024 196 42 quepararuna
353 2023 78 42 partá
454 2023 40 42 del
517 2023 101 42 público
652 2023 81 41 tienen
767 2023 29 41 las
825 2022 129 42 melodías
986 2022 20 41 de
1040 2022 118 41 Boheme
1192 2022 0 40 y
1221 2022 20 40 de
1282 2021 103 41 Toeca.
1411 2021 0 41 A
1445 2021 29 40 mi
1497 2021 69 40 juicio

128 2064 93 47 Alfano
253 2066 19 45 no
304 2067 19 43 es
352 2068 93 42 ningún
477 2069 90 41 tonto;
599 2063 61 46 tiene
695 2064 93 45 talento
833 2064 0 45 y
862 2065 45 43 así
919 2065 68 43 como
1019 2066 22 42 en
1076 2066 237 42 Resurrección,
1342 2068 29 39 me
1403 2068 93 39 parece
1528 2069 39 37 que

128 2109 19 47 el
166 2109 100 47 cuentó
288 2111 51 45 acto
372 2112 19 43 ee
423 2112 77 43 mejor
525 2113 42 42 que
599 2114 19 41 el
641 2114 125 41 tercero,
794 2116 16 39 el
836 2114 103 41 tercero
977 2114 42 40 que
1048 2113 22 41 el
1092 2112 119 42 segundo
1253 2111 0 43 y
1285 2111 19 43 el
1326 2109 119 45 segudo
1483 2108 93 45 quetel

125 2154 134 47 primero,
281 2155 38 46 asl
344 2155 50 45 ereo
429 2156 109 44 también
570 2157 41 43 que
642 2157 19 43 ha
692 2158 22 41 de
742 2158 91 41 seguir
861 2159 126 40 subiendo
1028 2160 0 39 y
1059 2160 179 38 mejorando.

184 2202 94 39 Ysgara
307 2202 128 40 termimar
462 2203 91 39 conel
582 2203 88 39 Teatro
710 2204 81 38 Real,
820 2204 51 39 sólo
903 2204 64 39 resta
999 2204 88 39 decir,
1116 2205 41 38 que
1189 2205 18 38 ha
1237 2205 50 38 sido
1317 2205 157 39 adiudicado
1506 2206 11 38 á
1539 2206 32 38 los

127 2252 106 40 miemos
261 2251 189 40 empresarios
480 2251 140 40 actuales,
642 2251 109 39 señores
784 2250 98 40 Callaja
915 2250 0 39 y
948 2250 118 39 Boceta,
1085 2250 41 39 por
1151 2250 68 38 cinco
1249 2250 61 38 años
1343 2249 123 39 foraosoe
1501 2249 77 38 ycin¬

127 2299 19 40 co
179 2299 193 40 volantarios.

1102 2339 114 52 MIGUEL
1253 2337 224 56 SALVADOR.

171 2401 50 40 nde
246 2401 69 40 Enero
340 2401 19 40 de
384 2401 55 40 r9i2.

792 2535 159 41 SIeca

509 2827 0 57 O
561 2828 209 56 Biblioteca
815 2827 193 57 Nacional
1036 2829 32 55 de
1108 2828 149 56 España
