1766 2881
845 291 1 30 -
893 275 57 52 22-

187 376 38 43 ban
257 374 10 45 la
299 372 173 47 preferencia
501 373 42 46 del
568 373 71 46 regio
671 373 109 46 artista.
812 374 29 45 El
866 374 135 45 vencedor
1030 375 22 44 de
1081 375 122 44 Rosbach
1238 375 0 44 y
1267 376 80 43 amigo
1388 376 20 43 de
1446 376 115 43 Voltaire
1590 377 42 42 de¬

186 420 128 40 rrochaba
345 421 19 40 el
386 421 175 40 sentimiento
591 421 22 41 en
657 422 30 40 los
728 422 175 40 cantabiles;
936 423 68 40 hasta
1035 423 22 40 el
1078 423 74 40 punto
1182 423 22 41 de
1234 424 126 40 arrancar
1399 424 126 41 lágrimas
1555 425 8 40 á
1596 425 30 40 los

186 472 112 36 oyentes
328 472 157 36 sensibles.

240 515 26 40 Es
295 515 99 40 lástima
423 515 43 40 que
495 515 102 39 tuviese
626 515 20 39 el
669 515 91 39 aliento
793 515 69 39 corto
895 515 0 39 y
924 507 62 47 que,
1009 505 10 48 á
1039 505 72 48 causa
1144 507 19 46 de
1196 507 62 46 ello,
1281 508 17 45 se
1327 509 102 44 tomase
1468 511 95 41 ciertas
1612 513 26 39 li¬

185 553 125 48 bertades
339 557 39 44 con
408 554 33 47 los
470 553 134 48 tiempos.

241 603 27 38 La
297 603 80 38 flauta
406 603 35 39 era
473 604 56 38 para
559 604 24 38 él
607 604 18 38 un
660 604 80 38 amigo
772 604 19 39 de
823 604 72 39 todos
927 604 32 39 los
986 605 53 38 días
1079 605 0 38 y
1114 605 10 39 la
1156 605 99 39 llevaba
1295 605 107 39 consigo
1434 606 19 38 en
1493 606 69 39 todas
1591 606 38 39 sits

190 651 168 42 campañas.

244 689 132 47 Cuando,
398 690 18 46 al
448 690 166 46 envejecer,
636 691 142 44 comenzó
809 692 10 43 á
841 692 78 43 sufrir
957 693 19 41 de
1010 693 10 41 la
1045 693 78 41 gota,
1155 694 37 40 sus
1221 694 78 40 dedos
1340 694 16 40 se
1387 695 113 39 hicieron
1544 695 88 38 menos

190 744 101 40 ágiles,
310 744 99 40 perdió
428 744 106 40 además
573 744 22 40 un
625 744 85 40 diente
742 744 0 40 y
773 744 19 40 en
825 744 19 40 el
877 744 123 40 invierno
1033 744 19 40 de
1087 744 50 40 I778
1169 744 55 40 tuvo
1254 744 41 40 que
1336 744 143 40 renunciar
1506 744 8 40 á
1550 744 90 40 tocar.

191 784 135 43 Entonces
355 784 20 43 es
404 784 95 43 cuando
533 785 121 41 escribió
677 785 8 41 á
714 785 20 41 su
766 785 80 41 amigo
880 785 81 41 Franz
990 786 106 39 Benda:
1119 786 46 39 «He
1211 786 109 39 perdido
1351 786 29 39 mi
1409 787 80 37 mejor
1518 787 112 37 amigo.»

245 831 23 44 La
295 828 77 47 ópera
402 827 20 47 de
455 825 127 49 Federico
615 825 17 49 el
669 824 123 49 Grande,
819 824 27 49 «ll
869 824 30 49 Re
929 825 157 48 Pastore»,
1103 827 16 45 se
1159 822 207 50 representará
1390 822 20 49 el
1430 823 0 48 2
1460 824 23 47 de
1513 826 114 44 Febrero

193 872 118 48 próximo
344 874 19 45 en
393 875 20 44 el
435 875 82 44 teatro
547 877 42 42 del
612 870 223 48 Conservatorio
868 875 19 43 de
920 876 108 41 Berlín.

850 937 16 37 --
904 937 70 34 6c¬

244 990 26 42 En
305 990 40 42 una
374 990 94 42 entrev
494 990 43 41 ista
566 990 40 41 que
649 990 20 41 ha
701 990 83 41 tenido
816 990 69 41 Félix
928 989 195 42 Weingartner
1152 989 38 41 con
1221 989 20 41 un
1281 989 184 41 colaborador
1494 989 37 40 del
1560 989 83 40 Berli¬

191 1033 37 47 ner
262 1030 130 50 Zeitung,
416 1031 10 48 le
457 1031 20 48 ha
508 1031 75 48 hecho
617 1032 75 47 saber
719 1033 41 45 que
791 1033 58 45 está
872 1033 113 45 termina
1016 1034 37 43 ndo
1087 1035 38 42 una
1155 1027 79 50 ópera
1261 1029 109 47 titulada
1401 1031 99 45 «Cain»
1527 1033 0 42 y
1554 1033 79 42 cuyos

190 1077 164 48 personajes
384 1079 37 45 son
458 1081 83 43 Adán,
565 1075 67 49 Eva,
655 1076 60 47 Caín
749 1077 0 46 y
782 1077 77 46 Abel.
882 1078 24 45 La
936 1078 57 44 obra
1023 1079 103 43 durará
1146 1080 41 42 dos
1217 1080 93 41 horas.

248 1125 195 45 Weingartner
482 1126 60 43 tiene
578 1126 19 43 ya
636 1126 102 43 ofertas
768 1126 21 42 de
822 1126 87 42 cuatro
951 1127 12 41 te
990 1127 69 41 atros
1092 1127 141 41 franceses
1272 1127 43 40 que
1345 1127 105 40 quieren
1495 1128 147 38 represen¬

193 1166 83 48 tarla.

853 1218 87 46 --8-

253 1274 304 49 Autobiografia
604 1275 30 47 de
684 1272 187 49 Mauriclo
921 1270 340 51 Aoszlrovvgky.-
1298 1271 23 48 El
1361 1280 127 39 conocido
1535 1280 107 38 compo¬

192 1322 203 48 sitor-pianista
434 1326 65 43 tiene
539 1328 23 41 un
607 1320 125 49 carácter
768 1324 52 44 muy
859 1320 160 48 espiritual,
1052 1325 0 42 y
1091 1326 49 41 bien
1183 1319 144 48 conocidas
1366 1328 39 38 son
1444 1328 36 38 sus
1520 1318 114 47 donosas

195 1370 199 46 ocurrencias.

246 1419 49 42 Una
327 1419 20 42 de
376 1419 71 42 éstas
476 1419 17 42 es
525 1419 17 42 su
574 1419 92 42 propia
697 1419 224 42 autobiografía,
953 1419 35 42 tal
1011 1419 66 42 como
1108 1419 12 42 la
1151 1419 89 42 cuenta
1272 1419 9 42 á
1304 1419 17 42 su
1352 1419 78 42 amigo
1467 1419 38 42 M.
1522 1419 123 42 Serabo¬

199 1458 58 46 Dice
288 1462 51 41 así;

253 1501 83 48 «Nací
357 1502 20 47 el
397 1502 20 46 23
447 1503 20 45 de
504 1505 97 43 Agosto
631 1499 20 48 de
684 1499 74 48 1845,
778 1502 20 45 en
832 1504 134 43 Breslau.

249 1555 109 43 Escogí
377 1554 55 43 para
461 1553 77 44 nacer
566 1552 48 44 este
647 1551 48 45 mes
723 1549 103 46 popque
855 1547 138 47 esperaba
1018 1550 39 44 que
1089 1546 29 47 mi
1140 1547 90 46 venida
1255 1550 20 42 al
1294 1544 89 48 mundo
1412 1545 39 46 iria
1480 1547 166 44 acompaña¬

196 1602 19 40 da
245 1602 41 40 por
316 1602 71 40 algún
417 1602 99 39 ciclón,
541 1601 82 40 viento
653 1601 41 40 que
727 1601 164 40 desempeña
921 1601 25 39 un
978 1601 80 39 papel
1085 1601 55 39 muy
1178 1600 162 39 importante
1375 1600 22 39 en
1427 1600 30 39 las
1488 1600 150 38 biogratias

195 1640 20 48 de
247 1642 72 46 todos
349 1646 32 41 los
408 1638 117 49 grandes
555 1641 144 45 hombres.
718 1637 314 48 Desgraciadamente,
1055 1641 39 42 por
1120 1636 72 47 culpa
1222 1636 42 46 del
1284 1638 62 44 buen
1376 1634 91 48 tiempo
1500 1643 19 38 no
1552 1643 16 38 se
1604 1643 40 37 ve¬

194 1685 80 50 rificó
298 1685 11 50 la
340 1686 142 49 consabida
514 1686 149 49 tempestad
695 1687 41 48 que
774 1687 21 48 ha
834 1688 184 47 acompañado
1053 1688 20 47 el
1094 1689 167 46 nacimiento
1292 1689 21 46 de
1352 1690 86 45 tantos
1477 1690 163 45 centenares

198 1731 19 47 de
248 1731 123 47 hombres
402 1733 19 44 de
453 1733 88 44 mucha
572 1734 91 43 menos
692 1735 179 41 importancia
899 1737 41 38 que
978 1738 41 37 yo.

248 1783 107 40 Irritado
388 1783 41 40 por
457 1783 49 40 esta
536 1783 134 40 injusticia
700 1783 88 40 decidi
813 1783 145 40 vengarme
988 1783 38 40 del
1051 1783 87 40 mundo
1171 1783 113 40 tocando
1316 1783 20 40 el
1358 1783 93 40 piano,
1484 1783 0 40 y
1514 1783 148 40 comencé.

195 1821 14 50 á
229 1821 147 50 estudiarlo
409 1822 17 48 en
459 1822 131 48 Breslau,
613 1823 144 46 siguiendo
787 1823 117 46 después
934 1824 20 44 en
987 1824 87 44 Berlin
1104 1824 50 44 bajo
1187 1825 11 42 la
1228 1825 133 42 dirección
1395 1825 20 42 de
1445 1826 117 40 Rullak.

253 1867 110 48 Luego,
383 1869 10 46 á
413 1870 134 45 despecho
580 1872 20 42 de
633 1873 10 41 la
677 1866 163 48 instrucción
874 1868 97 45 teórica
1001 1870 20 43 de
1054 1871 60 42 Riel
1138 1872 0 40 y
1171 1864 107 48 WUrst,
1298 1866 27 46 me
1355 1867 80 45 entró
1455 1869 40 43 una
1522 1870 117 41 ardiente

197 1920 126 39 comezón
355 1920 19 38 de
406 1919 165 39 componer.
598 1919 26 39 En
657 1919 58 38 poco
747 1919 94 38 tiempo
883 1918 105 39 cometi
1022 1918 40 38 una
1102 1918 147 38 obertura,
1279 1918 21 37 un
1340 1917 133 38 concierto
1505 1917 22 38 de
1556 1917 94 37 piano,

197 1965 40 42 dos
265 1965 153 42 sintonias,
441 1964 83 42 varias
556 1964 106 42 sonatas
691 1964 57 41 para
780 1964 72 41 violín
886 1964 0 41 y
918 1963 95 42 piano,
1033 1963 169 41 canciones,
1231 1963 66 40 etc.;
1317 1963 20 40 en
1369 1962 77 41 total,
1469 1962 61 41 unas
1559 1962 83 40 veinte

198 2006 95 45 obras.

254 2047 53 48 Con
336 2048 89 47 mucho
457 2050 76 44 gusto
565 2052 10 42 le
608 2045 118 49 enviarla
755 2045 10 48 á
788 2045 69 48 usted
889 2046 10 47 la
932 2046 131 47 partitura
1092 2047 23 45 de
1145 2048 29 44 mi
1197 2048 173 44 Concierto,
1397 2049 55 42 pero
1485 2050 20 41 no
1537 2050 10 40 lo
1580 2050 62 40 hago

202 2101 39 46 por
265 2101 39 46 dos
334 2101 133 45 razones:
491 2101 12 45 la
533 2100 114 46 primera
680 2100 96 45 porque
806 2100 21 44 el
848 2100 136 44 concierto
1014 2100 21 44 no
1068 2100 18 43 es
1116 2100 72 43 digno
1221 2100 18 43 de
1272 2099 30 44 tal
1323 2099 97 43 honor;
1444 2099 0 43 y
1474 2099 12 43 la
1513 2099 138 43 segunda,

199 2141 95 50 pórque
328 2142 27 48 me
386 2142 21 48 es
434 2143 20 46 de
485 2143 58 46 gran
574 2144 241 44 utilidad-dadas
846 2146 38 41 sus
911 2138 208 48 dimensiones,
1153 2140 51 44 toda
1245 2141 41 43 vez
1313 2141 41 42 que
1385 2142 61 41 tiene
1477 2143 51 39 máa
1555 2143 20 39 de
1606 2144 38 37 409

199 2193 225 42 páginas-pues
454 2193 65 41 sirve
550 2193 56 41 para
640 2192 140 41 aumentar
805 2192 11 40 la
845 2191 81 41 altura
954 2191 20 41 de
1007 2191 28 41 mi
1058 2191 120 40 taburete
1209 2190 20 41 de
1260 2190 90 41 piano,
1369 2190 99 40 cuando
1496 2189 30 41 me
1552 2189 90 40 dedico

201 2239 8 40 á
231 2239 121 40 estudiar
379 2239 74 40 cosas
481 2239 22 40 de
533 2239 49 40 más
612 2239 69 40 valor
708 2239 146 40 artistico.

257 2283 33 41 Mi
313 2283 179 41 importancia
520 2283 67 41 como
621 2283 50 41 pian
699 2283 42 41 ista
775 2283 17 41 ya
826 2283 11 41 la
865 2283 98 41 conoce
991 2283 92 41 usted.
1111 2283 31 41 He
1181 2283 59 41 dado
1279 2283 157 41 conciertos
1470 2283 19 41 en
1523 2283 129 41 Francia,

201 2324 20 44 en
257 2320 154 48 Alemania,
433 2321 0 47 y
463 2321 88 46 pronto
584 2322 20 45 he
636 2322 20 45 de
689 2322 91 45 volver
810 2323 10 44 á
842 2323 105 44 Berlin,
970 2324 20 42 en
1019 2324 82 42 donde
1137 2324 16 42 ya
1183 2325 65 41 están
1281 2325 157 41 trabajando
1471 2326 32 39 día
1533 2326 0 39 y
1566 2327 78 38 noche

203 2367 30 48 sin
265 2367 92 48 cesar,
376 2369 226 46 preparándome
631 2371 43 43 una
703 2372 111 42 ovación
844 2365 196 49 expontánea,
1063 2366 55 47 para
1151 2367 141 46 contestar
1318 2369 10 44 á
1351 2370 9 43 la
1390 2370 59 43 cual
1468 2371 72 41 estoy
1570 2372 81 40 escri¬

204 2418 89 42 biendo
325 2418 20 42 el
368 2418 121 42 discurso
520 2418 21 42 de
569 2418 107 41 gracias
713 2418 40 41 que
799 2418 84 41 habré
906 2418 20 41 de
957 2418 161 41 improvisar
1156 2418 20 41 al
1213 2418 80 41 verme
1334 2418 178 40 sorprendido
1552 2418 20 40 de
1612 2418 32 40 tan

204 2458 147 50 agradable
382 2461 134 46 manera.»

890 2610 52 87 CA

499 2822 0 54 O
552 2821 210 55 Biblioteca
807 2821 194 55 Nacional
1028 2822 30 54 de
1103 2822 149 54 España
