1778 2889
826 160 0 32 -
875 147 53 52 21-

169 237 89 52 cantan
289 237 278 58 melancólicamente
594 248 24 47 ó,
637 240 97 55 mejor,
757 240 74 54 lloran
865 244 35 50 sus
931 242 139 52 miserias;
1086 244 39 50 son
1156 247 77 47 gatos
1272 245 193 49 vagabundos,
1489 251 19 42 en
1539 253 62 40 cuya

170 290 69 39 triple
270 291 97 39 alianza
396 292 22 38 de
446 293 157 38 plañideros
631 295 19 37 se
681 289 19 43 ha
732 289 109 44 fundado
876 292 19 41 el
923 288 160 46 humorismo
1115 295 21 39 de
1168 290 147 45 Scarlatti.

233 332 117 45 También
381 333 22 44 el
424 333 68 45 Cuco
522 334 19 44 de
572 334 101 44 Daquin
704 335 18 43 es
753 335 92 43 triste;
873 336 18 42 se
922 337 28 42 vé
971 337 40 42 que
1039 337 21 42 no
1091 338 80 41 puede
1202 338 224 42 enorgullecerse
1457 340 22 40 de
1506 340 13 40 la
1543 341 68 39 legi¬

168 381 53 41 tima
258 382 126 41 posesión
415 383 39 40 del
477 383 50 40 nido
569 384 39 39 que
639 384 22 39 ha
690 384 142 40 ocupado.
852 385 42 39 Las
931 386 84 38 Folies
1045 386 191 39 Francaises,
1256 388 22 37 de
1306 388 160 38 Couperin,
1485 389 40 37 son
1558 390 40 36 una

170 430 63 37 Serie
261 430 23 37 de
314 430 112 38 bocetos
456 431 188 37 parisienses,
667 431 33 37 tan
743 431 121 37 bizarros
892 432 66 37 como
994 432 38 37 sus
1060 432 111 37 titulos.
1202 432 45 37 Los
1275 432 64 37 hay,
1359 432 68 38 entre
1455 433 89 37 éstos,
1567 433 30 37 tan

170 471 179 47 inesperados
385 472 70 46 como
490 473 113 45 Domtino
644 474 113 44 couleur
785 474 170 44 d’invisible,
978 475 22 43 en
1039 476 41 42 una
1116 476 64 42 serie
1212 477 19 41 en
1273 477 41 41 que
1343 477 20 41 se
1401 478 96 40 reviste
1529 479 10 39 á
1571 479 32 39 los

168 518 132 40 dominios
327 518 22 40 de
379 519 22 39 un
431 519 63 40 balle
524 519 157 40 imaginario
713 519 39 40 con
785 520 30 39 los
845 520 107 39 colores
984 520 50 40 más
1064 520 238 40 estrambóticos.

221 568 115 41 Rameau
375 568 20 41 ha
424 568 105 40 querido
562 568 59 40 dar,
641 568 19 40 en
690 568 19 40 un
742 568 95 39 motivo
867 568 19 39 de
916 568 16 39 su
975 560 183 47 composición
1191 558 20 48 La
1250 559 141 47 Rameau,
1420 562 39 44 una
1492 564 49 41 idea
1577 565 20 40 de

168 614 16 39 su
216 614 97 39 mujer,
331 614 43 39 que
403 614 35 39 era
467 614 51 39 muy
548 614 170 39 hacendosa,
753 614 0 39 y
791 614 149 39 describrir
972 614 11 39 la
1018 614 120 39 limpieza
1167 614 21 39 de
1218 614 10 39 la
1261 614 53 39 casa
1354 614 0 39 y
1389 614 72 39 hasta
1490 614 19 39 el
1533 614 75 39 sacu¬

170 654 30 40 dir
227 655 21 40 de
280 656 30 40 las
340 658 171 41 alfombras.

223 703 28 41 En
283 702 116 42 cambio,
421 702 19 41 al
466 701 19 42 tí
495 701 45 42 tulo
568 700 23 43 de
626 698 211 44 Humorescas,
863 697 42 45 que
934 696 19 45 se
982 696 32 45 dá
1036 698 10 43 á
1068 694 106 47 menudo
1206 695 9 45 á
1238 695 224 45 composiciones
1491 700 115 39 musica¬

170 744 50 45 les,
239 744 18 45 no
286 744 188 45 corresponde
505 745 113 44 siempre
650 745 18 44 un
697 745 97 44 sentido
828 745 201 44 humorístico.
1048 746 28 42 En
1104 746 19 42 un
1161 746 169 42 Humoresca
1368 746 22 42 de
1421 747 50 41 Max
1503 747 110 41 Reger,

167 796 19 38 se
217 795 122 39 describe
371 795 39 38 una
438 795 73 38 orgia
540 795 21 38 de
592 794 120 39 diabios,
733 794 117 38 después
879 794 21 38 de
941 793 172 38 abundantes
1142 793 148 38 libaciones
1319 793 21 37 de
1371 792 131 38 cerveza.
1533 792 75 37 Dvo¬

168 839 34 40 ral
236 839 112 40 explaya
387 838 17 41 su
438 838 159 40 humorismo
631 838 20 40 en
693 838 28 40 las
749 838 95 40 danzas
881 837 117 41 rítmicas
1027 837 19 40 de
1085 837 34 40 los
1147 837 90 40 signos
1279 836 191 41 americanos;
1489 836 56 40 pero
1588 836 19 40 el

169 881 163 45 humorismo
372 881 147 45 verdadero
550 882 86 43 habrá
658 882 40 43 que
725 882 123 43 buscarlo
891 883 18 42 en
943 883 108 42 Neitzel
1072 883 111 42 mismo,
1204 883 77 42 pues,
1312 883 80 41 según
1422 884 40 40 nos
1493 884 114 40 refiere,

169 926 20 43 ha
219 926 158 43 compuesto
419 927 41 42 una
492 927 124 42 Gavota,
636 927 12 42 la
689 927 100 42 Gavota
821 928 21 41 de
871 928 36 41 las
933 928 109 41 ostras,
1077 929 74 40 hecha
1183 929 21 40 en
1245 929 88 40 acción
1362 929 21 40 de
1415 929 103 40 gracias
1559 930 41 39 por

170 974 52 38 diez
251 974 117 39 docenas
394 975 21 38 de
447 975 86 38 ostras
559 975 146 39 regaladas
734 976 39 38 por
802 976 20 38 un
851 976 157 39 discipulo.

224 1020 124 40 Después
378 1020 22 40 de
430 1020 79 40 haber
545 1020 142 39 explotado
720 1020 30 39 los
780 1019 205 40 compositores
1024 1019 55 39 toda
1114 1019 11 39 la
1155 1019 186 39 ornitologia,
1363 1019 19 39 he
1415 1019 58 38 aqui
1495 1019 41 38 que
1574 1019 33 38 los

173 1061 138 41 moluscos
336 1059 135 44 empiezan
503 1059 9 44 á
532 1057 182 47 introducirse
746 1067 20 37 en
798 1067 19 37 el
839 1067 90 37 mundo
961 1067 19 37 de
1012 1067 10 38 la
1054 1067 115 38 música.

224 1112 23 40 La
280 1112 157 40 conclusión
466 1112 66 39 final
551 1112 43 39 que
623 1112 53 39 saca
708 1112 108 39 Neitzel
836 1112 23 39 de
888 1102 56 49 todo
973 1103 69 47 esto,
1065 1104 20 46 es
1111 1104 42 46 que
1183 1105 55 45 para
1268 1106 111 44 obtener
1408 1108 10 41 lo
1451 1108 95 41 cómico
1575 1110 20 39 en

176 1157 95 40 música
302 1157 11 40 lo
345 1157 80 40 mejor
449 1157 20 40 es
499 1157 19 40 un
551 1157 90 40 libreto
674 1157 123 40 gracioso
833 1157 0 40 y
860 1157 104 40 dejarse
994 1157 19 40 de
1046 1157 11 40 lo
1084 1157 107 40 demás.

832 1221 123 30 --f---

232 1277 18 50 La
294 1280 85 47 Nuova
417 1277 98 49 Musica
546 1279 24 46 de
601 1275 139 50 Florencia
771 1281 95 43 refiere
904 1279 10 45 la
945 1275 126 48 dolorosa
1102 1274 109 49 historia
1241 1279 21 43 de
1303 1277 37 45 una
1381 1274 126 47 orquesta
1548 1280 68 40 com¬

172 1324 90 48 puesta
296 1328 20 43 de
349 1330 30 41 los
409 1325 114 46 mejores
553 1322 113 48 músicos
696 1324 20 45 de
749 1323 127 46 Bolonia,
900 1321 83 47 Ferli,
1006 1320 100 48 Faenza
1140 1324 0 43 y
1170 1325 70 42 otras
1273 1320 180 47 poblaciones
1483 1321 20 45 de
1533 1328 77 37 aque¬

175 1375 23 42 lla
231 1375 108 42 región,
361 1375 50 41 bajo
443 1375 10 41 la
482 1375 135 41 dirección
646 1375 42 40 del
711 1375 115 40 maestra
865 1375 69 40 Toni,
957 1375 39 39 que
1029 1375 88 39 fueron
1150 1365 9 49 á
1189 1366 72 47 Milán
1303 1368 36 45 con
1382 1369 85 44 objeto
1509 1371 20 41 de
1568 1372 39 40 dar

174 1422 48 40 tres
261 1422 157 40 conciertos
454 1422 18 39 en
505 1422 18 38 el
553 1422 87 38 Teatro
673 1422 105 38 Lirico.
802 1422 24 37 Ln
856 1422 112 37 primera
1001 1422 78 36 noche
1109 1422 21 35 el
1148 1422 81 35 teatro
1259 1412 93 45 estaba
1382 1414 91 42 vacio;
1494 1417 42 39 una
1563 1419 51 36 cin¬

173 1458 131 47 cuentena
333 1459 19 46 de
385 1460 150 45 personas;
558 1461 54 43 pero
644 1462 20 42 el
686 1463 64 41 éxito
782 1464 45 40 fué
846 1457 158 47 completo.
1023 1458 58 45 Esto
1125 1459 29 44 les
1190 1460 61 43 daba
1289 1461 115 42 mejores
1443 1463 167 39 esperanzas

173 1513 55 40 para
260 1513 20 40 el
303 1512 146 41 porvenir.
469 1512 26 40 En
527 1512 106 40 efecto,
656 1512 20 40 en
707 1512 21 40 un
759 1511 138 41 concierto
929 1511 8 40 á
960 1511 103 40 precios
1104 1511 212 40 reducidisimos
1342 1510 40 41 que
1414 1510 86 40 dieron
1534 1510 20 40 al
1577 1510 32 40 dia

171 1556 153 40 siguiente,
346 1556 145 40 domingo,
513 1556 41 39 por
582 1556 11 39 la
626 1556 87 39 tarde,
733 1556 63 39 hubo
828 1556 58 39 gran
919 1555 219 39 concurrencia;
1160 1555 55 39 pero
1247 1555 9 39 la
1294 1555 79 39 noche
1404 1555 87 38 misma
1519 1555 16 38 se
1565 1555 52 38 vie¬

173 1598 38 43 ron
240 1595 141 46 obligados
410 1597 10 43 á
442 1597 154 43 suspender
621 1599 13 41 la
663 1599 103 41 función
795 1598 118 42 porque,
936 1593 19 46 al
977 1593 93 46 tiempo
1102 1595 19 44 de
1150 1595 141 44 empezar,
1311 1597 48 42 sólo
1391 1598 19 40 se
1439 1599 89 39 habian
1557 1600 58 38 pre¬

175 1646 107 39 sentado
314 1646 21 39 en
367 1646 64 39 junto
469 1646 59 39 siete
560 1646 152 39 personas,
730 1646 22 39 de
784 1646 29 39 las
842 1646 91 39 cuales
960 1646 42 39 dos
1032 1646 53 39 eran
1125 1646 152 39 forasteras
1315 1646 0 39 y
1355 1646 106 39 estaban
1501 1646 115 39 admira¬

175 1691 38 39 das
242 1691 40 39 del
304 1691 69 39 amor
400 1691 10 39 á
434 1691 11 39 la
474 1691 97 39 música
600 1691 136 39 mostrado
766 1691 40 39 por
832 1691 32 39 los
894 1691 144 39 itallanos.

230 1728 26 48 El
280 1728 117 48 maestro
430 1729 170 47 Soffredini,
624 1730 36 46 uuo
694 1730 20 46 de
747 1731 30 45 los
804 1731 170 45 poquísimos
1014 1732 224 43 concurrentes,
1261 1733 101 42 escribe
1392 1734 177 41 comentando
1599 1735 16 40 el

175 1784 116 37 suceso:

229 1847 60 40 «¿Es
319 1847 99 40 posible
448 1847 41 40 que
522 1847 49 40 este
604 1847 99 40 Milán,
722 1847 49 40 este
804 1847 148 40 decantado
982 1847 88 40 centro
1102 1847 143 40 artistico,
1275 1847 19 40 no
1335 1847 107 40 contase
1480 1847 52 40 mil,
1563 1847 52 40 qui¬

176 1893 123 41 nientas,
330 1893 51 41 cien
420 1893 132 41 personas
591 1893 9 41 lo
642 1893 123 41 bastante
796 1893 171 41 aficionadas
995 1893 11 41 á
1026 1893 11 41 la
1068 1893 98 41 música
1194 1893 56 41 para
1281 1893 90 41 acudir
1394 1893 11 41 á
1424 1893 135 41 escuchar
1587 1893 20 41 un

179 1929 154 48 espléndido
369 1931 144 45 progvama
542 1933 151 42 sinfónico?

229 1983 44 40 ¿Es
301 1983 101 40 posible
432 1983 60 40 que,
514 1983 88 40 aparte
632 1983 22 40 de
684 1983 44 40 mí,
750 1983 19 40 no
802 1983 38 40 hub
865 1983 46 40 iera
941 1983 115 40 siqniera
1089 1983 38 40 uno
1158 1983 21 40 de
1221 1983 32 40 los
1286 1983 167 40 trescientos
1492 1983 128 40 profeso¬

177 2028 35 40 res
240 2028 22 40 de
292 2028 76 40 Milán
399 2028 10 40 á
431 2028 72 40 quien
533 2028 98 40 aquello
664 2028 214 40 interesase?...
897 2028 27 40 Si
946 2028 58 40 cada
1034 2028 41 40 uno
1105 2028 19 40 de
1154 2028 94 40 dichos
1275 2028 134 40 maestros
1439 2028 104 40 hnbiera
1573 2028 42 40 he¬

175 2070 40 38 cho
245 2070 10 38 lo
287 2070 43 38 que
359 2070 147 39 nosotros,
530 2071 80 38 llevar
637 2071 109 39 consigo
778 2071 48 39 tres
856 2071 141 39 alumnos,
1027 2072 21 38 el
1080 2072 80 39 teatro
1203 2072 104 39 hubiera
1336 2072 142 40 contenido
1510 2073 50 39 más
1587 2073 21 39 de

176 2112 39 41 mil
238 2109 154 45 personas.
412 2108 23 46 ¿Y
467 2107 53 47 todo
552 2107 20 47 el
611 2112 89 43 resto,
729 2111 33 44 los
801 2108 203 48 inteligentes,
1034 2108 32 48 los
1102 2110 138 47 músicos,
1269 2120 33 37 los
1338 2110 150 48 dilettanti?
1524 2110 99 48 Nadie,

178 2156 103 52 nadie.»

236 2219 3 47 Y
271 2219 20 47 el
310 2220 138 46 periódico
480 2220 103 47 italiano
618 2221 58 46 conc
701 2222 71 45 luye,
794 2222 10 45 á
833 2222 74 45 guisa
935 2223 23 45 de
987 2223 189 45 comentario,
1198 2225 39 43 con
1272 2225 23 43 un
1327 2225 80 44 refrán
1439 2226 42 43 que
1510 2226 106 43 pudiera

175 2266 153 45 tradncirse
358 2269 40 40 con
431 2270 18 39 el
473 2270 126 38 nuestro;

231 2317 43 37 «En
307 2317 71 38 todas
409 2318 88 37 partes
528 2319 94 37 cuecen
657 2319 110 38 habas.»

839 2373 116 32 --6--

230 2420 28 50 El
278 2421 21 49 24
326 2421 20 49 de
377 2422 51 48 este
459 2423 51 46 mes
541 2424 17 45 se
588 2424 96 45 festeja
714 2426 17 43 en
769 2426 136 42 Alemania
936 2420 17 48 el
977 2420 119 48 segundo
1127 2422 157 45 centenario
1324 2424 38 43 del
1396 2418 157 49 nacimiento
1597 2421 21 45 de

175 2470 127 45 Federico
336 2466 17 49 el
383 2466 127 49 Grande.
533 2468 77 47 Antes
640 2467 20 48 de
690 2469 40 46 que
760 2466 34 49 los
820 2467 131 48 oradores
981 2466 120 49 oficiales
1138 2476 117 39 tomasen
1288 2466 10 49 la
1328 2466 107 49 palabra
1476 2470 53 45 para
1569 2466 57 49 elo¬

176 2513 82 48 giarle
287 2514 69 47 como
389 2515 147 46 guerrero,
563 2516 65 44 como
661 2517 36 43 rey
726 2518 14 42 ó
759 2518 69 42 como
861 2511 127 49 filósofo,
1021 2512 30 47 los
1090 2513 151 46 escritores
1283 2515 144 44 musicales
1467 2517 16 41 se
1526 2518 88 40 habian

176 2566 164 38 apresurado
374 2566 8 38 á
406 2566 128 38 recordar
562 2566 19 38 su
609 2566 131 38 habilidad
771 2566 65 38 como
870 2566 141 38 flautista.

229 2608 81 38 Quien
344 2608 46 38 más
419 2608 112 39 detalles
560 2609 20 38 ha
612 2609 57 38 dado
700 2609 73 38 sobre
804 2609 18 38 su
854 2609 96 39 talento
984 2610 114 38 musical
1132 2610 18 38 ha
1182 2610 47 38 sido
1270 2610 201 39 Henningsen,
1491 2611 21 38 en
1543 2611 21 38 un
1596 2611 23 38 li¬

175 2651 37 47 bro
244 2651 106 47 titulado
394 2651 167 46 Fridericus
589 2652 60 45 mein
687 2652 100 45 Mónig.
809 2652 25 44 El
856 2652 41 44 nos
925 2653 85 43 revela
1042 2653 40 43 que
1114 2653 31 42 los
1174 2653 113 42 adagios
1315 2653 53 42 eran
1400 2654 31 41 los
1459 2654 41 40 que
1535 2654 85 40 lleva¬

507 2828 0 54 O
561 2828 210 55 Biblioteca
813 2828 194 55 Nacional
1034 2832 30 51 de
1110 2828 149 56 España
