1773 2877
957 1 355 50 ASOCIACIÓN

962 41 350 72 VAGNERIANA)

959 102 345 69 DE MADRID

984 158 325 57 BIBLIOTECA

722 232 46 58 -3

55 322 11 47 la
93 323 66 52 clase
190 325 113 54 popular
334 328 0 51 y
365 328 11 51 la
407 329 78 51 media
520 332 35 49 son
586 333 43 48 hoy
660 327 112 55 también
803 331 27 52 las
861 335 39 48 que
935 334 39 50 con
1016 330 47 55 más
1102 331 166 55 entusiasmo
1299 335 128 52 aplauden
1458 334 31 54 las

54 377 75 40 obras
156 377 21 41 de
208 377 161 42 Benavente
397 377 14 42 ó
439 377 33 42 los
499 377 148 43 Quinteros
679 377 19 44 en
730 377 100 44 teatros
859 377 41 45 que
932 377 58 45 nada
1019 377 80 46 deben
1131 377 10 46 á
1160 377 13 46 la
1202 380 157 44 protección
1391 378 106 47 oficial.

109 417 23 43 La
164 418 94 43 música
291 419 17 42 en
341 420 17 42 el
385 420 79 42 teatro
496 422 127 41 nacional
643 423 18 41 se
702 424 91 40 reduce
834 425 21 40 en
893 426 38 39 sus
969 427 130 39 orígenes
1143 429 8 38 á
1181 429 147 39 canciones
1369 432 0 36 y
1407 432 82 37 bailes

52 468 43 41 que
121 469 104 41 servían
258 471 20 40 de
307 471 157 42 intermedio
498 473 1 41 y
528 466 61 49 nada
627 466 84 51 tenían
752 473 42 45 que
825 474 38 44 ver
889 473 38 46 con
962 471 11 49 la
1007 468 137 54 comedia,
1179 476 41 45 que
1251 475 34 45 era
1316 474 11 44 la
1357 471 137 46 principal

58 513 248 45 representación;
338 515 22 44 de
392 515 34 46 los
464 516 180 46 precedentes
683 517 136 44 gloriosos
858 518 39 42 que
939 519 78 41 pueda
1056 519 72 40 tener
1155 520 18 39 en
1206 520 9 38 la
1245 520 58 38 edad
1345 521 21 37 de
1402 521 36 36 oro
1468 522 21 35 de

41 557 1463 51 nuestra literatura el teatro lírico y que se invocan solemnemente por los panegiristas

54 600 22 45 de
102 601 14 47 la
142 602 78 50 ópera
251 604 150 48 española,
419 607 125 48 sabemos
572 610 53 45 muy
657 611 76 44 poco;
757 612 12 43 ia
801 602 92 53 música
921 604 24 51 de
974 609 32 46 las
1034 606 140 49 zarzuelas
1202 605 12 50 ú
1238 604 93 51 óperas
1363 605 20 50 de
1415 605 84 50 Lope,

57 642 134 48 Calderón
224 644 2 47 y
255 644 103 50 Bances
387 646 137 52 Cáudamo
552 648 41 51 nos
621 648 21 52 es
670 649 160 51 totalmente
861 651 202 48 desconocida,
1087 653 17 44 no
1139 654 115 43 faltando
1288 656 70 40 quien
1389 657 101 39 supone

56 695 39 41 que
126 695 34 41 era
188 696 22 40 de
238 696 133 41 imitación
402 696 124 41 italiana,
546 697 171 41 fundándose
746 698 21 40 en
799 698 12 40 la
840 698 185 41 Gelidanza,
1046 699 20 40 de
1099 699 158 40 Puesneda,
1290 700 143 40 estrenada
1466 701 17 39 en

59 735 111 48 Venecia
198 739 20 44 en
254 735 73 48 1692,
344 739 57 44 pero
434 743 19 40 no
487 745 18 46 es
532 746 48 45 esta
614 738 93 52 prueba
737 746 23 44 de
793 746 57 44 gran
883 736 105 53 fuerza,
1022 748 56 40 pues
1111 739 53 49 este
1194 739 116 49 maestro
1351 738 71 49 vivió
1444 741 57 45 casi

62 781 116 41 siempre
209 785 19 39 en
259 787 90 40 ltalia.

95 826 1422 51 Sin duda nuestros archivos reservan grandes materiales que un dia han de consti¬

56 871 47 46 tuir
126 872 41 45 una
197 872 124 46 hermosa
348 874 129 44 tradición
509 875 19 44 en
560 876 13 43 la
605 876 58 43 cual
685 877 93 43 fundar
807 878 103 42 nuestro
945 880 80 40 teatro
1057 881 90 40 lírico;
1169 882 42 39 hoy
1243 882 38 39 por
1320 883 42 39 hoy
1397 884 19 38 no
1458 885 41 37 po¬

44 917 1463 49 demos construir sobre los cimientos que echasen nuestros compositores dramáticos

58 963 42 45 del
123 964 63 48 sigio
217 965 83 42 XVIl,
319 966 58 42 pues
405 966 66 42 ellos
499 967 40 42 nos
568 968 37 42 son
637 969 53 41 casi
715 962 232 51 completamente
976 964 224 51 desconocidos.
1233 965 53 51 Cita
1322 966 131 52 Barbieri
1481 966 13 52 la

60 1003 74 48 Selva
165 1007 24 45 de
226 1014 99 43 amor,
349 1006 23 52 de
406 1012 67 47 Lope
501 1010 22 49 de
551 1008 91 51 Vega,
663 1011 54 48 para
753 1008 155 51 demostrar
933 1012 40 47 que
1002 1010 11 48 la
1045 1010 76 48 ópera
1150 1019 18 39 se
1196 1017 112 41 conocía
1337 1015 18 43 en
1387 1011 105 47 España

58 1051 73 47 antes
156 1050 22 48 de
208 1061 41 45 que
279 1051 13 55 la
318 1051 116 55 trajesen
464 1053 33 53 los
524 1053 126 53 italianos
681 1053 12 52 á
713 1053 150 52 principios
890 1054 40 51 del
953 1054 63 51 siglo
1048 1054 91 51 XVIll;
1162 1059 75 46 pero,
1261 1060 39 44 que
1332 1056 161 48 conociesen

46 1096 1461 51 la ópera, ¿implica que tuvieran un drama lírico suyo propio con carácter nacional? ¿No

60 1142 71 43 están
161 1139 139 47 indicando
331 1141 12 46 lo
374 1142 134 46 contrario
541 1146 29 42 las
598 1141 126 48 palabras
753 1143 40 46 del
815 1143 86 47 propio
930 1142 65 48 Lope
1024 1149 18 41 en
1074 1143 11 48 la
1117 1144 166 48 dedicatoria
1312 1145 21 47 de
1362 1144 11 48 la
1413 1145 79 48 citada

59 1190 79 41 obra?
169 1190 61 43 Dice
265 1190 20 44 en
328 1190 42 46 ella
405 1190 42 47 que
487 1190 36 49 esa
564 1190 114 51 égloga,
700 1190 40 50 que
770 1190 18 49 se
818 1190 169 49 representó
1009 1190 110 47 cantada
1149 1190 11 45 á
1178 1193 40 47 sus
1248 1192 184 52 majestades,
1454 1197 37 40 era

46 1233 1464 56 cosa nueva en Espana; describe después los ingeniosos artificios escénicos que hizo

60 1281 57 43 para
143 1282 47 42 ella
220 1283 95 42 Cosme
345 1284 84 42 Lotti,
450 1278 139 49 ingeniero
630 1279 167 50 florentino.
818 1282 42 47 ¿No
894 1280 77 50 indica
1002 1280 49 51 esto
1089 1280 163 52 claramente
1283 1285 42 48 que
1356 1282 49 51 esta
1436 1281 56 53 obra

63 1321 44 48 fué
128 1321 158 53 compuesta
315 1325 13 50 á
345 1321 135 56 imitación
510 1326 19 50 de
560 1323 30 53 las
617 1334 46 41 que
689 1334 42 41 por
758 1334 130 40 entonces
918 1324 107 49 estaban
1059 1327 19 44 en
1109 1324 65 47 boga
1204 1334 19 36 en
1254 1323 84 47 ltalia?

114 1367 251 47 Literariamente,
386 1375 27 39 las
445 1374 139 42 zarzuelas
615 1374 0 42 y
646 1372 136 46 comedias
810 1372 38 46 con
883 1371 94 49 música
1004 1378 21 42 de
1057 1374 107 48 nuestra
1196 1372 55 50 edad
1283 1374 20 49 de
1335 1376 34 48 oro
1404 1378 35 46 son
1474 1381 17 44 un

62 1416 96 41 género
190 1417 131 41 Inferior,
340 1419 90 39 menos
459 1420 115 39 castizo,
594 1415 86 45 siendo
709 1417 38 43 sus
773 1420 109 41 asuntos
911 1417 54 45 casi
984 1416 112 46 siempre
1125 1417 176 47 mitológicos
1330 1425 0 39 y
1362 1419 152 46 sirviendo,

62 1459 22 44 de
114 1460 167 51 precedente
307 1462 129 50 histórico
464 1464 24 48 de
516 1464 12 48 la
560 1457 77 55 pobre
665 1459 140 52 invención
845 1465 20 46 de
897 1459 12 52 la
937 1464 121 47 comedia
1086 1463 20 48 de
1138 1460 100 51 magia.
1274 1462 129 48 Además,
1427 1469 20 41 se
1475 1465 20 45 da

61 1504 243 44 constantemente
335 1507 16 41 el
372 1507 80 42 hecho
482 1508 22 42 de
532 1509 41 42 que
605 1509 28 42 las
661 1510 267 45 representaciones
966 1513 270 45 lírico-dramáticas
1264 1516 19 42 de
1314 1516 200 45 importancia,

62 1551 16 44 se
108 1552 126 43 celebran
260 1553 24 42 en
314 1554 19 42 el
356 1554 100 42 Palacio
488 1556 67 40 real,
577 1557 21 39 en
626 1552 121 44 grandes
775 1550 92 47 fiestas
895 1552 22 45 de
945 1550 163 47 natalicios,
1129 1553 209 45 matrimonios,
1373 1551 92 47 visitas
1497 1559 0 39 y

61 1596 74 43 otros
160 1597 253 43 acontecimientos
440 1600 208 41 principescos,
671 1595 126 46 mientras
828 1596 17 45 el
869 1597 88 44 pueblo
988 1597 163 45 continuaba
1182 1596 133 46 gustando
1349 1602 17 41 en
1400 1596 30 47 los
1461 1601 44 42 co¬

63 1641 93 42 rrales
182 1642 21 41 de
232 1642 15 42 la
276 1643 118 41 comedia
425 1644 0 40 y
453 1644 22 40 de
500 1644 13 40 la
544 1644 94 41 música
673 1645 245 40 verdaderamente
959 1647 126 39 nacional
1107 1648 22 38 de
1157 1649 191 38 entremeses,
1377 1650 78 37 bailes
1496 1651 18 36 y.

66 1682 166 51 canciones.

118 1728 25 44 En
177 1733 19 39 el
218 1731 63 42 sigio
315 1728 91 45 XVIll,
428 1727 260 48 simultáneamente
717 1730 40 45 con
789 1729 9 46 la
829 1735 88 40 mayor
942 1731 166 45 decadencia
1140 1730 22 47 de
1193 1740 110 37 nuestro
1334 1740 100 38 teatro,
1460 1740 47 38 flo¬

63 1772 55 46 rece
145 1773 25 45 un
197 1773 96 46 género
326 1775 102 45 nuevo:
451 1776 13 45 la
496 1776 158 46 tonadilla,
673 1778 43 45 que
745 1779 79 45 puede
853 1780 197 46 considerarse
1082 1782 69 45 como
1184 1783 20 44 un
1240 1783 101 45 sainete
1380 1785 66 44 Iírico
1479 1786 38 44 de,

62 1822 68 42 corta
161 1823 159 47 extensión;
342 1825 55 46 pero
430 1825 18 44 no
481 1820 77 48 tardó
591 1823 19 43 en
650 1821 114 52 decaer,
793 1824 41 48 por
863 1820 11 51 lo
907 1822 125 49 pedestre
1061 1822 18 47 de
1112 1829 15 40 su
1160 1823 92 50 poesía
1285 1830 0 46 y
1318 1827 40 47 por
1388 1823 110 49 haberse

63 1860 60 48 dado
152 1863 33 47 los
214 1865 202 53 compositores
447 1871 12 45 á
478 1871 89 44 seguir
594 1863 31 51 las
652 1867 101 51 formas
788 1863 139 57 italianas;
958 1865 140 50 fenómeno
1140 1867 51 49 bien
1222 1866 73 52 digno
1326 1873 23 46 de
1380 1868 128 53 notarsa,

66 1907 58 47 pues
148 1907 25 47 ha
201 1906 24 48 de
253 1919 133 46 repetirse
415 1919 19 46 en
468 1919 15 46 el
509 1910 60 55 siglo
610 1910 153 55 siguiente,
797 1910 86 55 siendo
924 1922 75 43 causa
1040 1911 117 54 también
1186 1913 23 52 de
1239 1919 11 46 la
1280 1913 165 52 decadencia
1482 1914 19 51 de

68 1950 106 46 nuestra
203 1957 149 49 zarruela.

121 1997 114 53 Vemos,
253 2002 83 51 pues,
353 2006 64 50 que,
435 2007 71 51 antes
537 2006 38 52 del
599 2004 62 54 siglo
696 2002 70 56 XIX,
785 2004 109 54 nuestra
925 2002 128 56 tradición
1080 2004 244 54 lírico-dramática
1351 2009 20 49 es
1402 2005 108 53 insegu¬

52 2039 1466 67 ra, existiendo sólo con vida propia y savia verdaderamente nacional los géneros popu¬

64 2085 85 48 lares:
169 2090 36 46 los
229 2092 103 48 bailes,
353 2097 120 48 jácaras,
495 2093 143 53 tonadillas
667 2100 1 45 y
701 2096 143 49 canciones
873 2098 177 46 regionales.

119 2136 105 47 Ahora,
241 2140 113 46 veamos
378 2138 71 50 cómo
478 2143 21 46 se
527 2138 112 54 verifica
669 2146 12 45 la
711 2140 118 50 invasión
871 2148 15 46 en
928 2140 107 54 nuestra
1065 2141 80 51 patria
1180 2141 23 51 de
1233 2141 12 50 la
1275 2146 95 45 música
1401 2143 103 47 italiana

52 2178 1466 61 y, Io que es más vergonzoso, de la lengua italiana para las representaciones musicales.

66 2221 99 49 Hemos
194 2222 64 49 visto
287 2230 21 50 ya
337 2228 72 52 cómo
446 2228 33 51 los
516 2229 194 50 espectáculos
749 2229 268 58 lírico-dramáticos
1056 2242 50 44 eran
1137 2242 19 44 en
1191 2231 20 53 el
1238 2244 58 38 gran
1339 2232 104 55 periodo
1486 2234 19 47 de

66 2267 203 47 florecimiento
298 2270 22 45 de
349 2275 106 50 nuestra
485 2274 136 51 literatura
660 2277 23 47 de
722 2285 85 39 menor
846 2274 175 50 importancia
1059 2276 121 55 artistica
1211 2288 39 45 que
1288 2278 31 53 los
1346 2280 159 53 puramente

66 2312 188 52 dramáticos;
275 2314 106 54 además
406 2323 14 46 la
449 2324 97 48 música
577 2323 15 50 se
623 2322 186 56 interpretaba
848 2327 39 48 con
929 2329 39 45 una
1011 2322 112 55 pobreza
1154 2323 23 45 de
1204 2322 101 46 medios
1344 2321 166 47 verdadera¬

57 2359 1466 64 mente mezquina: cinco violines y un contrabajo dice Moratín que formaban la orques¬

55 2400 1459 71 ta, que no siempre acompañaba los cantables, pues en contra de toda verosimilitud y

54 2443 1467 74 respeto á la ilusión escénica, salla muchas veces á acompañar un tañedor de vihuela y

54 2488 1467 69 la orquesta sólo servía para acompañar los bailes, cuyos variados nombres se han con¬

67 2536 140 47 servado.
224 2540 47 44 Los
300 2541 101 46 teatros
429 2544 56 45 eran
513 2546 118 47 corrales
662 2549 11 45 á
692 2550 61 46 cielo
788 2552 95 47 abierto
925 2555 0 45 y
963 2547 30 50 las
1024 2544 202 49 decoraciones
1264 2549 61 44 unos
1355 2548 103 46 telones
1485 2552 23 42 de

70 2578 125 51 indiana;
213 2583 79 49 pocas
323 2586 96 49 veces,
437 2589 23 47 en
490 2591 31 47 las
547 2593 139 49 comedias
715 2598 40 46 que
784 2600 126 46 llamaban
943 2591 20 49 de
992 2594 106 53 teatro,
1114 2590 94 58 ponían
1241 2595 106 51 telones
1371 2594 146 57 pintados,

70 2626 156 50 bastidores
257 2631 2 46 y
286 2627 188 56 bambalinas.
493 2632 27 52 El
543 2638 95 49 primer
667 2645 99 46 teatro,
791 2645 50 46 algo
874 2634 124 55 parecido
1031 2639 9 45 á
1060 2634 13 50 lo
1102 2638 41 55 que
1176 2636 43 58 hoy
1251 2635 178 57 entendemos
1466 2643 42 53 por

57 2666 1466 76 tal, fué el de los Caños del Peral y allí actuó á principios del siglo XVIIl una compañía

55 2713 1465 77 de italianos que hicieron óperas y comedias, llamando desde luego la atención del pú¬

506 2817 8 55 O
557 2817 210 55 Biblioteca
810 2816 194 57 Nacional
1032 2820 31 53 de
1107 2817 150 56 España
