1756 2876
766 170 915 217 - I5-
105 270 1573 311 ralvariado de Bach y la Overtura de Los esclavos felices de Arriaga, que, con no ser
107 311 1577 357 la mejor, ni mucho menos, de sus obras, ofrecia cierto interés como primicia de su ma¬
107 359 1575 405 logrado autor y como uno de los pocos números que se conservan de la ópera de ese ti¬
108 405 1577 448 tulo que escribió él á los catorce años y estrenó en el teatro que por entences podia
107 448 1575 495 haber en Bilbao. Es una Overtura de corte y sabor rossinianos, aunque su primer tiem
121 496 859 540 po ya presagia al Arriaga de los Cuartetos.
158 535 1580 584 El resto del concierto puede decirse que fué consagrado á Guridi como autor, diree¬
108 587 1578 631 tor y ejecutante. Bajo su dirección cantó el coro infantil de la Academia las deliciosas
110 635 1580 674 escenas Asi cantan los chicos... más gustadas cuanto más oídas, verdadero modelo ent
108 672 1577 720 su género. Acompañó al piano á Sixto Osorio su Romanza para violín, que sin llegar
110 717 1580 765 para nuestro gusto á la Elegia, revela siempre la distinción y maestria de factura del
110 758 1578 811 joven compositor. Estrenó tres piezas para piano, cortas, delicadas, originalee, que sin
110 811 1580 851 duda no tardarán en publicarse en lindísima colección de piezas liricas. Finalmente
113 850 1032 899 ejecutó la parte de órgano del Coral variado de Bach.
159 904 1585 945 Para él naturalmente fueron los mayores aplausos de la noche. Y con él los compar¬
111 941 1585 990 tieron merecidisimamente el citado señor Alaña; el señor Arisqueta como perfecto pia¬
113 989 1583 1041 nista en la Romanza del Concierto en Re Menor de Mozart y en el acompañamiento do
113 1040 1578 1081 los coros de Guridi; y los alumnos Sixto Osorio en la Romanza de violín y Estefania
115 1076 755 1128 en el solo del Preludio de El Diluvio.
1295 1118 1473 1166 N. DE T.
118 1310 456 1366 BARCELONA
166 1390 1583 1438 ¡Día de mucho, vispera de pocol Después de los magnos conciertos del mes ante¬
119 1438 1586 1481 rior, una sola vez ha abierto sus puertas el Palacio de la Música Catalana durante el
116 1477 1586 1527 pasado diciembre; fué con motivo del concierto de presentación de una pianista de
121 1530 1588 1572 trece años, Dolores Roig. Hé aquí el programa ejecutado: 1.a parte, El cu-cui, Daquin;
121 1567 1586 1620 Sonata, Scarlatti; Preludio y Fuga, Bach; Sonata patética, Beethoven.. 2. parte,
121 1613 1588 1660 Concierto, Grieg (acompañado en un segundo piano por Bias Net). 3. parte, Noelur¬
121 1655 1589 1704 no y Vals, Chopin; Siluelas 4.? y ó.», Reger; Arubesca, Debussy; Nocturno y Con¬
126 1711 1593 1751 solación 3.a, Liszt; Nápoles, Leschetiziri. Dolores Roig tiene ya un gran dominio del
124 1755 1591 1795 mecanismo y posee una fuerza y un equilibrio superiores á sus años; con decir que es
124 1799 1591 1840 discípula de Vidiella y que su maestro fué el primero en animaria á hacer su debut, se
123 1845 1593 1886 desprende que se trata de una jovencita que penetra seria y conscientemente en las
127 1893 1593 1933 vias del divino arte. En efecto, á cada obra dió su justa interpretacióm; Bach y Scos¬
124 1938 1593 1979 latti fueron ejecutados con admirable claridad, la miama Patética, que á alguien acaso
126 1984 1593 2025 no satisfizo, fué dicha con una ingenuidad y una sencillez que cuadran mmy biemcon las
124 2027 1594 2067 obras de la primera manera de Beethoven. En cuanto á Chopínry Liszt, supo frasear¬
127 2072 1594 2113 los con un gueto y un sentimiento exquisitos. Hago mis fervientas votos-y creo no
126 2110 1596 2160 serán defraudados-para que el genio tutelar de la simpática piamista, que la preservó
126 2163 1596 2203 de ser una niña prodigio, haciéndola cada dia más respetuosa de su arte, la guande de
126 2208 1334 2249 caer el día de mañana en las aberraciones lamentables del virtuosismo.
178 2252 1596 2296 En diciembre despierta de su letargo el gran Teatro del Liceo. Con la mmierte del
127 2300 1594 2342 tradicional empresario señor Berris, se suscitó la cuestión de la transformación radi¬
129 2348 1596 2387 cal que fuera por demás conveniente en nuestra primera escena; más, per falta mare¬
131 2393 1596 2433 rial de tiempo para pensar en ello con seriedad, se ha aplazado nara otro año la reso¬
129 2433 1596 2479 lución del problema, organizándose una nueva temporada de ópera ni nuejor ni peor que
129 2481 1597 2521 muchaa otras.-Peor, me dice al oido un amigo, que tiene el hiamor de abonarse á
129 2526 1597 2566 diario.-Acerca de ella, cabe consignar lo siguiente; Ante todo, que no han faltado
129 2564 1597 2613 Bohémes ni Butterflies, y que La Wallyria ha sido definitivamente incorporada al
127 2617 1596 2658 repertorio corriente itallano, la cual da derecho á ejecutarla de cuaiquier modo y á
131 2665 1593 2706 cortar la mitad de la partitura. Aforhinadamente, dos cuatantes, que. par graciazespr
725 1214 981 1257 2Sie--
487 2815 1263 2872 O Biblioteca Nacional de España
