1778 2889
170 280 1590 324 De vuelta á Bilbao, después de algunas campañas en diversas poblaciones españolas
122 322 1586 375 como directer de compañías de ópera, contribuyó á la formación de la Sociedad Coral,
123 372 1590 414 de la que fué el primer director y á la que guió en muchos concursos orfeónicos en que
125 420 1591 460 salió victoriosa. Trasladada su residencia á Madrid dirigió alli algunos teatros de zar¬
123 465 1590 505 zuela, en cuyo género se ensayó diversas veces, y ha muerto olvidado de todos, des¬
123 503 668 550 pués de una vida harto azarosa.
175 555 1596 597 Zavala era un compositor que conocía muy blen el mecanismo de su arte y no care¬
123 598 1594 640 cia de invención, manifestando abierta tendencia hacia la pompa meyerbeeriana que
125 637 1593 685 estaba en voga en la época de su mayor actividad artística. Deja escrita, además de la
125 693 1596 731 citada, uua ópera, «Marcia», premiada no hace aún muchos años en un concurso de la
123 727 1593 778 Academia de San Fernando, una misa á grande orquesta, una marcha de carácter triun¬
125 780 1593 821 fal, dedicada á la Diputación vizcaina, á su vuelta de los años de pensión, diversas zar¬
128 828 1596 866 zuelas y no pocos coros orfeónicos, siendo el que le dió mayor prestigio el titulado «La
126 871 1590 911 caza del corsaríos, que alcanzó el premio destinado á elegir la obra que habia de ser
126 916 1276 958 lmpuesta en uno de los concursos de Orfeones celebrado en Bilbao.
176 961 859 1003 Descanse en paz el infortunado artista.
130 1048 1585 1123 SEZZASNSUEZAASSSNEAASS) SZCAEAASSEASNSCA
173 1189 1549 1298 Molimicuto musical en españa y el Extranjero
748 1309 997 1343 --
130 1372 346 1442 BILRAO
178 1460 1601 1500 Es tina singular proeza la que realizan estos artistas que acuden desde las más
128 1497 1601 1545 opuestas latitudes á reunirse en un punto dado y se ponen, sobre la marcha, á to¬
131 1552 1602 1590 car una sonata, logrando dar á su improvisación cierto semblante de cosa madura. Co¬
130 1593 1599 1637 sa es esta que admira, y á la vez entretiene, pues es curioso observar las luchas que,
131 1641 1602 1678 en el fondo de estas ejecuciones, laten á veces entre dos criterios divergentes que se
128 1677 1601 1725 esfuerzan en marchar paralelos. Así, por ejemplo, en el primer tiempo de la sonata en
128 1720 1601 1768 sí bemol de Mozart, que ejecutaron en nuestra Filarmónica el 22 de diciembre el pia¬
128 1775 1602 1816 nista Cortot y el violinista Farnández Bordas, se notaba que, mientras el violín parecía
130 1813 1601 1861 sentir reposadamente aquella música, el piano la comprendia más fugitiva, por lo que
130 1858 1599 1908 cada uno, al apoderarse del tema y ser el dueño de la situación, tomaba el tiempo de
134 1914 404 1953 su preferencia.
184 1950 1604 1998 ¿A quién seguir en este tira y afloja? Por mi parte daría la razón al violín, pues no
130 1993 1601 2046 puedo soportar esta mania en que han dado los grandes pianistas de ejecutar Mo¬
131 2049 1602 2088 zart á paso de carga, bajo pretexto de que sus fáciles trazos de mnecanismo no fuerzan
133 2091 1604 2133 la admiración de las masas más que acelerándolos. Esto me parece abominable y en¬
133 2139 1604 2177 cuentro no se qué de cobardía, aigo así como el acto de maltratar á nn niño, en esta
134 2184 1602 2222 violencia hecha al candoroso genio de Salzburgo. Por fortuna, Cortot es un artista de¬
134 2229 1602 2269 masiado fino y concienzudo para hacer otra cosa más que iniciar esta tendencia, como
131 2267 1599 2316 nos lo probó al acentuar deliciosamente, sin precipitaciones, el ritmo ondulante y gra¬
131 2309 1601 2360 cioso del rondó final. Por otra parte, ¡de qué conmovedora manera cantó la celeste me¬
133 2356 489 2405 lodia del Andantinol
186 2410 1606 2450 Su compañero estuvo también sumamente afortunado, fundiéndose ambos muy sa¬
134 2455 1604 2497 tisfactoriamente en la Sonata en do menor de Beethoven, que formaba la tercera par¬
134 2494 425 2540 te del concierto.
186 2547 1609 2587 La segunda estuvo dedicada á los solos, haciéndonos oir Cortot una transcripción
134 2590 1609 2630 suya de un concierto para órgano de Friedmann Bach, transcripción á su vez de un
134 2627 1607 2677 Concierto para violín de Vivaldi: la obra conserva gran vitalidad á pesar de la fecha
134 2670 1607 2728 de su nacimiento y las vicisitudes de tanta transcripción. Después nos tocó Chopin, in¬
788 181 936 223 - I1-
496 2828 1276 2885 O Biblioteca Nacional de España
