1767 2882
96 248 1560 304 antes que ninguno otro extranjero; la producción de tonadiilas en tiempos más cerca¬
97 302 1560 342 nos á nosotros y los ensayos ó intentos de ópera del primer tercio de nuestro siglo
97 337 1558 387 XIX. Ya casi en nuestros dias, midió la importancia de la zarzuela, pintando las cir¬
96 393 1249 433 cunstancias en que se produjo y las causas que la hicieron declinar.
148 435 1560 481 De todo ello deducia el que no hay razón para que no surja en nuestra patria,
96 486 1560 525 actualmente, un músico de importancia mundial: pero achacó al ambiente poco propicio
99 526 1353 569 el que nuestra producción no sea sorprendente y el florecimiento enorme.
147 574 1565 616 Habló Bretón de la necesidad de hacer un arte nacional de carácter, para lo cual
99 621 1563 662 poseemos sello propio y fantasía creadora, faltándonos la conciencia de ese carácter,
99 666 1565 707 una orientación y el apoyo oficial. Los remnedios del mal actual los sintetizó abogando
97 707 1563 750 por la creación del teatro lírico nacional subvencionado por el Estado. Imprescindible
99 757 1502 797 paso para llegar á él es una unión anterior de los músicos españoles que no existe.
153 797 1565 840 Villar, en su primer día habló de «Los músicos españoles contemporáneos», dando
99 843 1561 885 una visión totalmente optimista, lo mismo en cuanto á producción que en cuanto á eje¬
99 888 1563 931 cutantes, etc. Menos piadoso en lo que toca á la protección oficial y á la critica, al apoyo
102 935 1565 978 público social y á las facilidades de las empresas y editores, examinó punzantemente
100 979 1566 1021 muchos de estos extremos. Hizo hincapié en la dañosa corriente (en su sentir), técnica
102 1024 1563 1066 que con exageración impera en sus compañeros de producción, olvidando factores ta¬
102 1067 1565 1112 les como la linea melódica, inspiración, el contenido-en suma-, ante lo puramente
102 1109 454 1156 formal ó de factura.
156 1164 1566 1204 Su segunda couferencia era el balance de música y músícos españoles contemporá¬
104 1210 1568 1248 neos, lo que tenemos y lo que nos falta musicalmente. Su posición (muy difundida
102 1253 1566 1293 entre sus compañeros), consiste en decir que tenemos gran número de músicos exce¬
102 1300 1566 1340 lentes y ejecutantes distinguidos y no escasa producción, pero que la culpa de que no
104 1346 1568 1384 se considere á los músicos, ni se crea que existen, está en los aficionados, con sus
104 1388 1568 1429 modas: en el Estado, que no es pródigo; en los organismos oficiales, que no orientan
102 1432 1568 1474 debidamente á los ministros; en las sociedades particulares, como la Filarmónica, que
104 1479 1565 1522 son egoistas; en los editores, que no quieren arriesgar sus capitales; en los críticos,
104 1527 1566 1567 que no tienen preparación, ni sirven patrióticamente la causa nacional, etc., etc... En
102 1569 1566 1609 suma; nuestros músicos, según puede verse, hace tiempo que, ó abandonan sus gabi¬
104 1613 1565 1657 netes y la producción de partituras ó las alternan con un género de propaganda social,
102 1658 1561 1700 que no se hace con notas precisamente, sino con ataques, proclamas, manifiestos y
99 1697 1569 1746 protestas... Señalé yo, antes de hoy, el peligro que esto tiene, y es este el de que no
99 1750 1568 1793 es posible que acudan á sumar voluntades los que se sienten llamados á fomentar,
100 1793 1566 1839 pero llamados á palos.. Pide Villar con gran razón la Asociación Nacional de Música,
99 1841 1566 1886 pero ¿cree sinceramente que acudirán á ellá aquellos á quienes llama ineptos, egoistas,
100 1879 1571 1929 malos, etc.? Y, sin embargo, de unos y otros, de todos, se necesita para esta simpática
100 1924 1571 1974 obra nacional. Al igual de la Asociación Nacional de Música (idea que ha expuesto ya
100 1975 1571 2019 brillantemente en estas columnas) abogó por el teatro lírico nacional, subvencionado
102 2017 1569 2068 por el Estado: ojalá en sus dos peticiones, que cuentan con toda muestra simpatia,
104 2070 1576 2110 tenga la mayor fortuna, pero modere algo sus procedimientos y sus palabras: «consig¬
102 2105 1574 2155 na» para los músicos, debe de ser, dijo, «lo primero, lo nuestros... Si eso dicen los
102 2150 1574 2199 músicos, ¿qué decir del egoísmo de las demás gentes? acómo criticar de élo... Ulna par¬
104 2204 1574 2247 te final tuvo Villar de crítica para el pliego de condiciones del nuevo arriendo del Real,
102 2249 1574 2294 pero hoy no tiene su examen tanta importancia después de la adjudicación celebrada.
156 2286 1576 2340 De mis conferencias soy el menos indicado para hablar: dediqué mis dos tardes aj
102 2332 1576 2384 eramen del estado de nuestra cultura de Bach; por mi balance, dada la escasez de nues¬
104 2388 1576 2427 tras audiciones de obras vocales y orgánicas, y contando en el número de las conoci¬
104 2430 1576 2472 das hasta las obras que se utilizan como escuela, para aprendizaje, entre nosotros y
105 2478 1577 2516 todo cuanto ha figurado en nuestros programas, en el caso más favorable no puede
102 2520 1573 2569 estimarse que conozcamos ni el veinte por ciento de la obra del maestro de Eisenach,
104 2561 1579 2608 La nota crítica que sintetiza nuestro estado es el contraste entre la estimación en que
104 2611 1581 2653 tenemos á Bach, que es enorme, tal como se merece y lo reducida que es la cultura que
104 2654 1576 2705 de él tenemos. Examiné el curso que la cultura de Bach ha llevado fuera de España;
756 155 906 206 - I5-
496 2821 1267 2878 O Biblioteca Nacional de Lsull
