1783 2892
768 189 892 245 -6-
239 282 1413 374 IDEAS Y COMENTARIOS
545 380 1114 440 Por JOAQUÍN NIN
652 472 1025 520 (CONTINUACION)
503 530 1165 599 El Genio y la Multitud
853 631 1109 678 de los sabios.
884 604 1559 642 La multitud ha sido siempre enemiga
946 674 1514 726 CHARLES DA SAMT-ÉVREMONT.
146 742 1562 790 Nos cuenta Cicerón que Antímaco, el gran poeta y gramático griego, lela un dia
107 793 1565 835 una de sus obras maestras (se cree que fuera la Tebaida) delante de un público nume¬
109 841 1562 882 roso, pero tan poco digno, tan poco atento que, no encontrando la obra de su gusto,
109 883 1567 925 comenzó á eclipsarse lentamente. Reparó Antimaco en que el solo oyente que le que¬
109 922 1567 970 daba era Platón, y, conocedor del valor de sus juicios, continnó impertérrito la comen¬
112 968 348 1017 zada lectura.
162 1012 1573 1060 Algunos años antes decía Antifontes de Ramno, célebre retórico ateniense; «Cuan¬
110 1055 1572 1106 do se tiene un alma grande, se prefiere el parecer de un hombre de mérito al de la
114 1102 974 1155 multitud.» (Aristóteles, Moral á Eudemo, III, 5, 6.)
163 1143 1577 1196 En efecto; los grandes ingenios, las almas abiertas á lo sublime, han manifestado
114 1198 1572 1241 siempre una marcada indiferencia, un desdén que toda su vida proclama abiertamen¬
114 1235 728 1283 te, por la admiración de la Multitud.
165 1278 1578 1328 Palestrina, Monteverde, Victoria, Bach y Beethoven no pensaron ciertamente en el
115 1322 1577 1375 gusto de la Multitud al forjar las maravillas que hoy admiramos, no pensaron más que
115 1370 1577 1418 en sí mismos, en su misión para con la Humanidad y en la inconmesurable Belleza por
117 1412 1578 1463 la que se sentían penetrados. Wagner, Schumann, Moussorgsly y Franck han obrado,
118 1466 1578 1507 deliberada ó inconscientemente, contra todo lo que la Multitud esperaba y exigía de
118 1505 1582 1553 ellos. Tenian conciencia plena del daño que esto pudiera causarles, pero nada hubiera
118 1547 1582 1597 sido capaz de separarles del camino que se habian trazado para cumplir su misión, pa¬
118 1592 837 1638 ra alcanzar lo Infinito, lo Bello, lo Eterno.
176 1638 1583 1685 Todos admiramos hoy el ejemplo que la Escuela Francesa nos ofrece; no siente el
123 1691 1583 1733 temor de aristocratizarse, de recogerse y de escalar las cimas que sólo el buen gusto
122 1728 1585 1780 y el ingenio hacen accesibles. Recibe allí los aquilones de la crítica, pero vive dichosa
122 1775 1582 1825 su ensueño de elegancia, de claridad, de delicadeza, mientras que en el llano la Multi¬
123 1831 1127 1870 tud murmura su bestial y sombría canción de toda la vida...
172 1863 1583 1915 La gran Belleza y la Grandeza verdadera no serán nunca accesibles á la Multí́tud;
125 1919 1583 1958 díré más: hay que preservar contra la muititud á esta grandeza y á esta belleza. No
125 1961 1583 2003 hay que sacrificarlas ni exponerlas á una insensata profanación; es preciso que perma¬
125 1998 1358 2050 nezcan á igual distancia de las masas que las imágenes de los creyentes.
176 2051 1585 2091 Que la multitud experimente el encanto y el poderio del gran Arte; que sepa, por
128 2088 1583 2143 nuestra mediación, todo lo que hay en él de digno, de puro, de noble; pero evitemos,
128 2141 1480 2181 á todo precio, el contacto entre ella y las Obras maestras, imágenes del Genio..,
178 2180 1588 2225 El verdadero puesto de los Intérpretes de Arte, de los Évocadores, de los Iniciado¬
130 2233 1586 2276 res, es el de intermediarios entre el Arte y la Multitud, no sólo para hacerlo amar, sino,
131 2275 1590 2321 y principalmente, para defenderlo; porque la Multitud ama, á veces, pero mal, casi
131 2313 1590 2360 á la manera de las bestias... Sus desbordamientos, de alegria ó de furor, llevan siem¬
130 2358 1598 2410 pre el sello de la demencia: derriba hoy lo que adoraba ayer; aclamará mañana lo que
131 2406 1604 2453 injurió, vilipendió y ridiculizó en el pasado. El Genio será siempre para la Multitud un
131 2453 1546 2498 algo misterioso é incomprensible; por eso lo profana, á veces, creyendo honrarlo...
184 2491 1593 2541 Acaso fuera meior renunciar á ella y dejarla que se sacie de lo que su instinto le
135 2538 1591 2588 hace preferir... pero quien dice Multitad dice Hamanidad, y la Humanidad es el Hom¬
135 2585 1593 2631 bre. Sea la que fuere la altura á que el Arte nos permita elevarnos, el Artista, el Ar¬
135 2631 1593 2676 tista-Intérprete, sobre todo, no sobrepasa la de un hombre; hay, pues, que afrontar la
135 2673 1591 2724 Multitud, pero alta la frente y con la convicción inquebrantable de protejer ardiente¬
498 2830 1274 2888 O Biblioteca Nacional de España
