1755 2875
728 161 855 217 -5-
60 257 1419 316 Ginocatore, L’Uccellatrice, Il Cuoco, Don Trastullo, Il Conte Tullpano.»
116 308 1523 354 «Por esta rápida enumeración se echará de ver que aquellos brillantes espectácu¬
63 351 1523 400 los, dirigidos por un italiano y representados por italianos, poco ó ningún influjo pu¬
63 402 1524 444 dieron tener en el adelantamiento de los teatros españoles. Entre los músicos de la or¬
63 447 1526 491 questa, sólo don Luis Mizón y otros dos ó tres instrumentos no eran extranjeros; entre
65 487 1526 535 los que cantaron sólo hubo una actriz española; los artífices empleados en la pintura
67 531 1526 581 de las decoraciones, en la invención y dirección de las mápuinas, vinieron de ltalia
67 581 1529 626 también. Se mandó que todas las piezas se imprimieran traducidas en castellano pars
68 622 1529 670 distribuírlas á los concurrentee en la primera noche de su ejecución. Se abrió el teatro
68 675 1531 717 con la opera de La Clemenza di Tito; encargóse á don lgnacio de Luzán la traducción
68 720 1531 760 de ella y la hizo, aunque en muy pocas horas, con el acierto que era de esperar; las
71 763 1529 814 que se imprimieron después las tradujo un médico italiano llamado don Orlando Bone¬
75 808 1534 851 nore, que ni se avergonzó de suceder á Luzán en aquel encargo, ni tuvo escrúpulo de
75 849 1534 897 hacerse escritor en una lengua que no sabía. Sus traducciones pueden considerarse
73 897 1042 945 como otros tantos modelos de extravagancia y ridiculez.»
127 937 1536 995 Mientras en Palacio se representaban con la pompa que nos describe Moratín las
75 983 1537 1038 óperas italianas en italiano, en los teatros populares continuaban ejecutándose las com¬
75 1030 1539 1084 posiciones nacionales por los consabidos cuatro violines y contrabajo y acompañándo¬
76 1076 1540 1129 se el canto por el guitarrista. El divorcio se habla verificado entre las clases aristo¬
78 1121 1542 1177 cráticas, que gustaban extraordinariamente del arte italiano y las populares que se apa¬
78 1159 1539 1220 sionaban todavía con los dramas nacionales. Entonces pudo nacer la ópera española,
81 1212 1542 1266 si se hubiesen cantado las italianas en italiano, pero ¿cómo hacerlo si los reyes quizás
81 1247 1046 1312 no entendían aún bien la lengua del país que gobernaban?
132 1300 1547 1354 En las corrientes de transmisión de formas, procedimientos ó géneros artlsticos de
83 1346 1545 1400 una nación que los posee á otra en la cual aún no se han desarrollado, siempre hay algo
83 1389 1547 1445 de beneficioso, en el caso de que lo extranjero sea asimilado y transformado por los
84 1437 1550 1483 genios nacionales, según la manera de ser del propio paí́s. ¿Qué resultó al cabo, sino
86 1485 1550 1528 una gran riqueza en nuestra poesía, del entronizamiento en el siglo XVI, de las formas
87 1523 1550 1571 ltalianas, cuando se las apropió un genio de la talla de Garcilaso? Si al llegar á Espa¬
87 1568 1552 1617 ña la ópera italiana nuestro teatro no se hubiese hallado en aquella postración, si no
91 1611 1552 1664 hublese sido Palacio el albergador del arte italiano, sino los teatros populares, con las
89 1661 1553 1707 obras traducidas al castellano, un fenómeno análogo se hubiera verificado. No sucedió
89 1704 792 1748 así y todavía sufrimos las consecuencias.
143 1748 1555 1793 No tratamos ahora de hacer una história de las vicisitudes de nuestro teatro lírico
94 1788 1555 1838 y por eso no seguiremos paso á paso la marcha del arte italiano y del nacional; es
94 1838 1556 1886 suficiente recordar que del Palacio Real salieron los cantantes italianos á las tablas de
97 1881 1556 1927 los teatros y el público se apasionó tanto por el nuevo espectáculo, que florecieron las
99 1929 1558 1970 compañías extranjeras á expensas de los representantes nacionales y que mientras que
99 1967 1558 2023 el drama nacional languidecia en el desamparo de gobernantes y público, los cantantes
97 2014 1560 2068 de ltalia causaban fanatismo y, como dice algún autor de la época, se les esperaba con
97 2057 1556 2106 ansiedad y se les recibía con más agasajos que si se tratase de triunfadores capitanes,
1203 2097 1491 2151 JULIO GOMEZ.
151 2138 420 2200 (Se concluirá)
142 2315 1566 2375 La falta de espacio nos obliga á dejar para el próximo número un ar,
103 2357 1566 2416 ticulo que nos remite el senor Nin sobre la tan debatida cuestión del plano
108 2391 306 2440 y el clave.
485 2814 1262 2871 O Biblioteca Nacional de España
