1774 2886
94 299 271 355 PARIS
145 388 1565 429 Todo cambia en este mundo, des fe Múgica que se nos vuelve straussista y malhe¬
93 428 1567 474 rista, hasta el modo de ser de la Revisra, y para convencerse de ello no hay más que
93 469 1567 521 leer las confesiones de Zubialde sobre Max Reger. Me asombré tanto al leerlas, que
93 524 1567 564 seguramente no me asombraré más el día que vea á Nin tocando en un clavecin sus
94 569 1565 612 couperinadas. Y no es ciertamente que mi opinión esté en desacuerdo con la suya,
94 614 1568 657 pues para esto se necesitaría que yo conociera algo de este autor, cuya producción ra¬
96 654 1570 702 ra vez viene á París; lo que me asombró fué más bien la sinceridad del artículo en
97 707 1570 745 cuestión y su expontaneidad. Y esto demuestra claramente que de un régimen discipli¬
97 743 1570 793 nado pasamos á una fraternal independencia, y que convencidos plenamente que el
97 795 1068 835 ataque esperado de las mil bayonetas no viene ya, y que
498 835 1166 881 «todo está igual-parece que fué ayer»
97 886 1571 928 como decían las zarzuelas pseudo-españolas de nuestros padres, nos vamos alejando
99 926 1571 973 de la época en que se nos prohibia tocar á cosas que parecian sagradas en el dominio
99 971 1571 1018 músico, gracias á esa pirámide cuyo vértice es el artículo de Villar y cuya última pie¬
102 1016 1570 1064 dra es la confesión de Zubialde, cuyos gustos confinan al Norte con Malher, Bruckner,
102 1059 1571 1109 Max Reger y el Océano Glacial Artico. ¡Bravo, amigo Zubialde, yo le aplaudo y le
102 1112 299 1152 secundarél
153 1149 1575 1199 ¿Y qué tiene que ver todo esto con las cosas de Paris? preguntará el impaciente
105 1204 1575 1247 lector. Pues que me encuentro apuradísimo á causa de otra confesión y estoy retardán¬
102 1244 1571 1293 dola todo lo que puedo con este exordio impertinente, y que al fin tendré que decir que,
102 1289 1571 1338 á pesar de haber prometido en mi crónica anterior hablar largamente de «Berenice»,
104 1340 1573 1380 de Magnard, me será imposible hacerlo por la sencilla razón de que no la conozco aún.
104 1383 1573 1428 De ello tiene la culpa el violin-solo de la Opera Cómica, á quien pregunté el otro dia
102 1422 1576 1475 por el nuevo estreno. «Es tristísimo, me dijo, lo que ocurre con Berenice, pues las no¬
104 1471 1576 1518 ches que se representa, el público es escasisimo, y este público á medida que se vá
105 1524 1576 1563 enterando de lo que es la obra se va marchando poco á poco y terminaremos en la
104 1560 1576 1608 más completa soledad.» Me concederá el lector que esto no es para animar á nadie,
104 1609 1576 1653 Por lo demás, se puede augurar que «Berenice» seguirá el camino de otras tantas
104 1651 1578 1697 obras, hechas como ella con la mejor intención, con buenas cualidades, pero que no
104 1693 1578 1742 tienen nada de teatrales, pues el desarrollo sinfónico le es al público indiferente: por
104 1739 1579 1787 eso yo continúo creyendo que en el dominio del drama musical cada dia vamos más
105 1787 1581 1835 descaminados, sin que para ello nos sirva de escarmiento los innumerables fracasos á
107 1831 1581 1880 que dan lugar los estrenos, casi todos estériles, de los tres teatros de Opera de Paris.
112 1880 1581 1925 Y lo peor del caso es que los dos caminos que siguen los autores llevan siempre al
110 1932 1583 1972 mismo fin, pues el vagnerismo de Magnard, de Breville, de Mariotte, ha dado el mismo
109 1967 1583 2016 resultado que el debussysmo de Severac y de Ravel. ¿Quien duda que Berenice, Eros
117 2020 1583 2063 Vainqueur, Salomé, Le Cur du Moulin y PHeure Espagnole, son obras caldas que no
109 2060 474 2105 se levantarán jamás?
160 2111 1583 2151 Los conciertos continúan en progresión creciente, y aquí sí que el arte musical pre¬
109 2150 1581 2201 senta una falange de autores brillantes y de una vitalidad cada vez más acentuada,
109 2194 1584 2243 aunque no sin tristes excepciones entre las que tengo que contar una Smphoniey anti¬
109 2241 1584 2289 que de Widor que ha querido hacer un pisto greco-religioso cuyo tema principal es el
113 2286 1586 2336 Te Deum. El resultado fué terrible y los desgraciados que la aguantaron (yo no pude
110 2329 1586 2380 ir ese dia) todavia se crispan de nervios cuando se habla de ello. Después Pierné ha
110 2377 1587 2425 dado dos audiciones de la Samnation de Faust con el único y mercantil fin de llenar la
112 2430 1587 2470 sala sin tener que ensayar. En Lamoureux continúan con la música rusa; Sintonia de
112 2470 1589 2515 Borodine, el admirable Conte Féerique de Rimski y algunas primeras audiciones que
112 2520 1587 2560 el público escucha bostezando é irupaciente por ver llegar á Thibaud con su violin má¬
110 2558 1587 2607 gico, ó la Bréval, con su gran voz cascada, con la que interpretó (pues no tiene otra)
112 2602 904 2650 el iumenso final del Crepúsculo de los dioses.
168 2647 1587 2693 También hemos tenido concierto Hasselmans, esta vez dirigido por Casella, peró
112 2701 1589 2744 iqué manera de transformarse este hombre de palo, flaco é inexpresivol Con una fuer
758 194 911 238 - I7-
497 2825 1270 2882 OO Biblioteca Nacional de España
