1768 2883
118 261 1580 307 me parece probable. Me ha parecido siempre oir, fijándome con atención sostenida en
120 310 1582 350 el canto de los tenores de fuerza, los harmónicos graves, sin que me sea posible preci¬
120 353 1384 397 sar cuáles son en la gama musical, esos armónicos. ¿Será mera ilusión mia?
168 400 1585 443 El punto estará seguramente analizado y completamente dilucidado, pero yo, en mi
120 442 1585 488 ignorancia, desconozco las causas del efecto que apunto, ó recuerdo. Mucho agradece¬
120 493 1585 533 ria que algún profesor de música me instruyese acerca del particular; uno de los fines
120 531 1585 578 de la REVISTA MUSICAL es, precisamente, el de esparcir los conocimientos musicales
118 574 767 623 útiles ó agradables entre sus lectores.
169 624 1588 669 El señor Lizes inserta en su excelente artículo parte de una carta escrita por él á
120 667 1588 715 Saint Saëns. Hé aqui el fragmento de la misma, que me sugiere otra pequeña obser¬
123 714 254 755 vación.
176 755 1588 804 «Cuando después de un acorde final (en la Magdalena de París) sea del órgano
120 805 1590 850 grande, ó sea del coro, escuchaba yo el sonido que persiste en el recinto demasiado
121 852 1588 893 sonoro, siempre ese sonido subía de un modo apreciable en el momento de extinguirse.
125 895 1591 940 Tengo en mi cuarto un reloj cuyo timbre hace oir vibraciones secundarias (la funda¬
121 938 1590 985 mental sin duda alguna) á razón de 5 por segundo; en el silencio de la noche, que per¬
123 989 1591 1031 mite distinguir durante mayor tiempo la prolongación del sonido, aquellas vibraciones
125 1037 665 1074 se aceleran antes de apagarse.»
174 1081 1593 1121 Las observaciones de Lizes las han hecho, seguramente, mil veces, todas las per¬
125 1127 1141 1167 sonas de aficiones musicales y de oído suficientemente fino.
177 1162 1593 1212 Lo mismo lo he notado al irse apagando el sonido de algunas campanas y cuando el
125 1212 1596 1258 pianista, después de dar con fuerza una nota, levanta la mano del teclado y deja que el
128 1263 1594 1303 sonido se vaya apagando por sí solo. Al final he notado, no constantemente, pero sí con
129 1310 1125 1348 frecuencia, una elevación claramente apreciable de la nota.
179 1342 629 1393 El autor dice lo siguiente;
181 1388 1596 1439 «En el estudio experimental de que hablaré más tarde (en el segundo artículo su¬
126 1435 1596 1484 pongo) creí encontrar la explicación del fenómeno, pero haciendo nuevas experiencias
126 1483 979 1529 me he convencido de que provenía de otra causa».
177 1535 1596 1574 Esperemos al segundo artículo para ver cuál es esa causa. Yo que no tengo compe¬
129 1576 1598 1619 tencia musical para hablar del asunto y que á la vez carezco de conocimientos fisico¬
128 1619 1598 1670 matemáticos, me limito á recordar el simil ó ejemplo de comparación que en los cursos
129 1667 1599 1707 elementales de fisica se presenta á los alumnos, cuando se desea darles idea de las
133 1705 1598 1752 vibraciones del aire ó del éter; es decir, de las vibraciones invisibles. ¿Quién no lo
129 1750 1599 1798 sabe? Es el ejemplo de una piedra arrojada al agua. Alrededor del punto de choque se
129 1803 1599 1843 forman ondulaciones concéntricas; las próximas al sitio en que cayó la piedra tienen
131 1848 1599 1889 cierta altura y guardan entre si determinada distancia, pero á medida que se alejan del
131 1894 1599 1934 centro la altura ó intensidad va decreciendo y en cambio se acercan más unas á otras.
184 1939 1601 1982 La energia del choque se traduce principalmente por intensidad al principio, pero
134 1984 1602 2026 cuando se va disipando dicha energia en la inercia de la masa de agua, la intensidad
131 2030 1601 2070 decrece y la energía que aún actúa, se presenta más bien en forma de frecuencia
131 2074 344 2115 ondulatoria.
185 2119 1604 2162 Pues bien, si nuestro oido estuviese en condiciones de percibir las vibraciones foné¬
134 2165 1604 2207 ticas que sin género de duda, produce el movimiento ondulatorio del agua y que ésta
134 2211 1602 2255 nos transmite por medio del aire, oiriamos un sonido, ó conjunto harmónico de sonidos,
136 2253 1604 2299 cuya resultante sería cada vez menos intensa y cada vez más aguda. A las ondas altas
137 2304 1604 2346 y espaciadas corresponderían sonidos graves fuertes, y á las ondas de poca altura y
136 2340 687 2389 frecuentes, sonidos más agudos.
184 2386 1606 2434 Es, quizas, no me atrevo á afirmarlo, ley de todo lo que se extingue lentamente y
137 2442 1607 2480 sin que esfuerzo alguno especial venga á contrariarlo. Nuestro imperfecto aparato du¬
136 2476 1602 2527 ditivo nos impide percibir los últimos sonidos en la inmensa mayoría de los casos.
141 2522 888 2577 Tienen la palabra las personas competentes.
1288 2564 1537 2623 F. GÁSCUE.
174 2613 389 2655 28 Enero 1912.
788 168 912 216 - 9-
490 2822 1272 2878 O Biblioteca Nacional de España
