1783 2892
184 282 1602 330 ¿Por qué todas estas reediciones? ¿Para qué sirven, como no sea para propagar el
135 332 1604 374 error y enterrar más profundamente á la verdad? ¿No seria más sencillo reproducir so¬
136 377 1604 422 lamente las ediciones originales, tales como se hallan en las biblotecas públicas ó en
136 424 1604 465 las colecciones privadas? ¿Por qué hemos de tener más de una veintena de versiones
135 461 1606 512 de la Fantasía Cromática y Fuga de Bach, por ejemplo? Cuestión de cantidad, en
133 509 1604 557 suma, sobre la que es ocioso insistir, y cuyas raíces tal vez alcancen hasta el Antifo¬
133 552 1604 604 nario de San Gregorio, que en todo tiempo el cálculo y la razón de la fuerza han ven¬
133 599 474 645 cido al sentimiento.
186 652 1604 694 Alguien ha dicho que las virtudes se pierden en el interés, como los rios en el mar.
135 697 1602 740 Este alguien conocía, probablemente, á ciertos editores modernos de música antigua...
318 819 1421 901 ACERCA DE UN ARTICULO
183 954 1607 1008 La conocida revista musical francesa SI M (Societé internationale de musique) ha
136 1008 1610 1060 publicado en su entrega del corriente mes un articulo interesante de A. Lizes, titulado
139 1049 1607 1097 «Etapes d’une découvertes». Su lectura me sugiere dos observaciones, que expongo
139 1102 1364 1143 valgan por lo que valgan y sin la menor pretensión de estar en lo cierto.
188 1137 1609 1188 El descubrimiento objeto del artículo, es el de los armónicos más graves que el tono
138 1187 575 1233 fundamental de una nota.
188 1233 1610 1278 Después de disertar sobre las gamas harmónicas, de Pitágoras, templada (tempérée)
141 1274 1609 1330 y lo que llama gama comática de la música moderna, habla de los harmónicos graves,
138 1327 1610 1370 asunto que ha sido objeto de sus estudios y observaciones y que se propone desarroliar
139 1373 543 1413 en un segundo artículo.
192 1418 1612 1460 Enuncia su opinión en los términos siguientes: «Nada ha demostrado hasta hoy la
139 1454 1610 1507 causa de la intensidad del llamado sonido fundamental y de su constitución harmónica;
141 1503 1610 1550 es decir, en qué condiciones se podría afirmar con certeza que es el sonido generador
141 1547 1612 1595 de sus manifestaciones acústicas El estudio profundo de las manifestaciones vibratorias
141 1592 1612 1642 de un conjunto de cuerpos sonoros nos ha demostrado (con la sola audición de esas
143 1635 1614 1687 manifestaciones y aplicándoles el método harmónlco musical) que el sonido llamado hasta
141 1683 1612 1731 aquí fundamental es únicamente el harmónico más intenso de un conjunto muy extendido
143 1728 1615 1776 de harmónicos, más graves y más agudos que él. Por consiguiente, no es más que el so¬
143 1778 1614 1823 nido predominante de un conjunto de manifestaciones vibratorias, y la escala superior de
146 1826 1615 1865 estas vibraciones, es una escala parcial, más ó menos incompleta». «El verdadero
144 1868 1614 1911 sonido fundamental, ó sonido número l de la escala generail, vibra en los graves, en
144 1907 1054 1956 un intervalo demasiado alejado, para poder ser oído».
199 1958 1615 2001 No es mi propósito examinar el asunto, para lo cual carezco de conocimientos físicos
144 1995 1615 2051 y musicales, pero siempre guiado exclusivamente por mi oído, creí en la existencia de
144 2050 1610 2093 los harmónicos graves, objeto del estudio de Lizes, y es más, me parece percibirlos
144 2088 1213 2140 como sonido de cierta relativa intensidad en algunas ocasiones.
196 2144 1617 2183 Cantan dos tenores una misma melodía, en el mismo tono y diapasón; el uno es
146 2185 1614 2233 tenor de fuerza ó dramático (helden tenor) y el otro es tenor lírico ó ligero. Pues bien,
146 2226 1615 2275 el efecto que la comparación de ambas voces produce, es que el tenor dramático, de
149 2279 1617 2320 voz fuerte é intensa, canta la melodía en texitura más baja que el lírico. La observación
149 2324 1615 2366 me parece innegable, pero lo para mí dudoso, es la razón física del efecto mencionado.
149 2366 1617 2410 He opinado y opino, que los sonidos del tenor dramático, tensan muchos, y relativa¬
149 2414 1459 2454 mente intensos, harmónicos graves, mientras el tenor ligero carecia de ellos.
202 2458 1619 2499 Cierto es que la experiencia de nuestro conocimiento sensible nos hace considerar
151 2504 1619 2544 lo que es alto, ó agudo como algo más ligero, menos denso, menos material si cabe
149 2549 1619 2591 decirlo, y en cambio se nos presenta constantemente lo bajo, como más voluminoso, de
149 2594 1619 2634 colores más acentuados, más intensos, de tal modo que por analogía intuitiva, una voz
151 2639 1615 2681 robusta nos puede hacer el efecto de cantar en tono más grave, aunque no haya tal cosa.
152 2678 1617 2731 Posible es que en ello estribe el diferente efecto de las dos voces en cuestión, pero no
805 189 935 237 -8-
503 2832 1274 2888 O Biblioteca Nacional de Españá
