1759 2878
735 217 871 259 -7-
68 313 1535 367 mente lo que, para nosotros, es la Alegria y la Vida; pero sin olvidar que la Multitud
71 351 825 407 es á menudo para el Genio un tirano cruel...
458 422 1160 481 La razón del más fuerte
679 503 1499 543 La razón del más fuerte es siempre la mejor.
1109 546 1378 589 LA FONTAINE.
678 612 1539 650 La concupisdencia y la fuerza son el origen de
644 658 1539 697 todas las acciones humanas. La concupiscencia
647 703 1538 743 hace los voluntarios; la fuerza los involuntarios.
1303 738 1467 786 PASCAL.
126 797 1543 853 La reedición de las antiguas obras maestras sufre la misma suerte que el viejo An¬
79 844 1541 898 tifonario; suerte nefasta, como ninguna, porque toda orden religiosa recien fundada
81 892 1543 946 tuvo á bien ejercitar su poder reformador introduciendo alguna modificación en este
83 940 466 986 venerable monumento.
132 986 1547 1031 Cada nueva escuela trae consigo una nube de pedagogos y eruditos que se creen
83 1029 1544 1080 todos en el caso de reeditar obras antiguas y clásicas. Cada reeditor aporta á esta mi-
83 1076 1544 1128 sión-que no me atrevería á llamar piadosa-el fruto de sus laboriosas meditaciones,
84 1122 1547 1168 y cree poseer-como los chantres ltalianos y franceses del tiempo de Carlomagno-«la
84 1168 1547 1219 verdadera ciencia del canto...;» y sin embargo, el desmoronamiento de los antiguos mo¬
86 1213 1549 1261 numentos continúa sin tregua, ante los distraídos ojos de una multitud de eruditos que
86 1256 919 1306 han convertido en piqueta la antorcha salvadora.
139 1301 1551 1352 Porque, á fin de cuentas, estas nuevas ediciones-aparte excepciones meritísimas-
86 1352 1554 1397 no contienen nada que justifique su existencia...; nada más que la «razón social», (la
87 1399 1552 1445 palabra social es aquí un delicioso eufemismo), la etiqueta comercial que las cubre...
140 1439 1551 1494 Un ejemplo: Túrk, Westphal y Hugo Riemann, en Alemania; Mathis Lussy y J. Com¬
87 1482 1552 1533 barieu, en Francia, han tratado de coordinar y generalizar los principios de la racional
87 1528 1552 1578 interpretación rítmica. Se creia que esto fuera la muerte del empirismo ciego é incons¬
91 1578 1552 1627 ciente y el comienzo del reino de la razón en la interpretación musical. Y sin embargo,
91 1622 1555 1670 ninguno de nuestros modernos reeditores parece haberse dado por enterado, ni menos
92 1662 1559 1714 los virtuosos, por lo que el fraseo musical continúa vejetando bajo el régimen tirámico
91 1706 1559 1758 de la barra divisoria del compás, ó bajo la sospechosa égida de la «inspiración» y de la
92 1750 323 1803 «intuición»...
147 1806 1562 1848 Otro ejemplo; nos reveló Moszkowski, hace buen número de años, digitaciones de
97 1849 1560 1894 una maravillosa lóglca (hablo ahora para los panistas) y de una siempre fácil y cómoda
97 1894 1557 1945 aplicación. Los reeditores lo ignoran, ó, lo que es peor, aparentan ignorarlo, pues las
99 1939 1560 1989 más recientes ediciones de Bach, de Mozart, de Haydn y de Beetoven son, á este res¬
99 1977 1562 2036 pecto, de una imperfección y de una insuficiencia que no pueden describirse. Esto es
100 2024 1563 2081 absurdo é increíble, pues ya nadie pone hoy en duda la importancia de este «medio» en
99 2067 537 2123 la interpretación al piano.
153 2113 1565 2169 X..., en fin, publica una sonata de Veracini cuyas dos primeras partes han sido to¬
100 2161 1562 2209 madas de una obra y la tercera de otra composición del mismo autor. Z... publica cier-
102 2206 1568 2262 ta conocida pieza de clerto autor antiguo, con un título apócrifo, y consigue así colo¬
103 2256 1568 2308 car un considerable número de ejemplares de una obra que todo el mundo posee ó co¬
105 2296 1570 2351 noce... Cierto célebre virtuoso presta su nombre á cierta edición monumental...; su
107 2345 1571 2390 nombre y nada más, puesto que, sin duda, no está en condiciones de hacer otra cosa, á
105 2387 1268 2443 pesar del título de erudito con que se adorna. Y asi sucesivamente...
159 2430 1571 2489 Por ota parte, los musicólogos, estos seres «tan inútlles» al decir de algunos vir¬
108 2475 1571 2532 tuosos, han descubierto las fuentes de nuestra literatura, nos han dicho cómo se re¬
108 2524 1439 2580 monta hasta allí y la manera de saciar en ellas nuestra sed... ¡Tiempo perdidol
161 2567 1575 2614 La mayoría de nuestras ediciones modernas nos aleja cada vez más de estas fuentes
108 2612 1575 2666 para sustitulrlas por otras menos puras, menos saludables, pero, es de creer, más fáci¬
110 2652 1570 2714 les de captar y de más considerable rendimiento. Y estos modernos revisores acortan,
108 2698 1421 2758 alargan, modifican, y transforman casi hasta el crimen... Pululan los ejemplos,
487 2817 1266 2874 O Biblioteca Nacional de España
