1822 2914
798 173 947 226 - I4-
136 268 1600 318 cial del cielo son artistas, nos han dado una interpretación ejemplar del primer acto de
137 318 1600 361 esta obra: la señora Passini-Vitale (Siglinda), y nuestro paisano el señor Reventós
137 362 1598 407 (Sigmundo), quien nos trae de tierras germánicas el secreto de la dicción wagneriana.
136 406 1601 451 Pero lo mejor ha sido que en fecha memorable este primer acto ha sido cantado en
137 456 1598 500 catalún. Nunca les agradeceremos bastante á esos artistas, en especial á la Passini y
137 506 1601 545 á su maestro de catalán el incansable Joaquin Pena, la sensación de arte que nos han
137 545 1601 587 dado. Muchos abonados que otras veces bostezaban de fastidio esperando el canto de
136 590 1600 634 la primavera, se enteraban con sorpresa, por vez primera, de lo que alli pasaba y
137 641 1603 681 escuchaban con el mayor interés. Aun á los que estamos familiarizados con el teatro
137 684 900 723 vagueriano, nos parecía oir una cosa nueva.
191 731 1604 770 Esta primera tentativa no debe quedar un hecho aislado y fuerza es que tenga im¬
137 778 1603 820 portantes consecuencias. Háse probado que con buena voluntad un artista extranjero
137 824 1601 864 puede llegar á apretider su particella en nuestro idioma, y tenemos además excelentes
137 869 1603 908 cantantes catalanes; por otra parte el público siente acrecentar su interés tanto más
137 904 1603 951 cuanto mejor entiende lo que en la escena se dice. El éxito es seguro y creo ya llegado
137 956 1603 998 el momento oportuno para llevar á cabo la regeneración de nuestras representacionés
137 993 1603 1052 líricas, haciendo cantar en catalán las obras de positivo valor artístico. ¡Ojalá que este
142 1049 693 1089 anhelo se convierta en realidad
1191 1083 1549 1139 V. M. DE GIBERT.
137 1259 356 1330 RADRID
189 1346 1608 1397 Oonterenoias en el Ateneo.-Reseñaba en mi anterior crónica las que
140 1405 1606 1445 en la serie organizada por el Ministerio de Instrucción Pública, sobre materias artisti¬
142 1448 1606 1489 cas, se habian dado referentes á música; después de las de Rola y posteriormente á la
139 1489 1606 1534 fecha 20 de Diciembre, á que alcanzaba mi correspondencia, se dieron: dos por el
140 1529 1604 1580 maestro Bretón, los dias 22 y 27, por la tarde; dos por el maestro Rogelio Villar, las
142 1575 1117 1623 noches del 22 y 23, y dos que dí yo las tardes del 28 y 3I.
192 1618 1608 1669 Bretón habló el primer dia acerca de «La influencia de Wagner en la lí́rica dramáti¬
140 1665 1608 1716 ca», descubriendo desde luego su posición de defensa de la música ltaliana, en cuanto
140 1712 1608 1761 cree advertir una preterición de ella y un olvidó que no se hallan en proporción con sus
142 1759 1609 1805 defectos, y atribuyendo el daño, en su mayor parte, á un auge inrazonado del culto á
144 1808 1608 1852 Wagner, el cual atribuye, más que á un sincero y devoto conocimiento, á una imposi¬
140 1855 1611 1897 ción de la moda, que es avasalladora y que en su afán de llevar sus entusiasmos hasta
142 1892 1609 1941 el último límite, no ve los defectos cuando toma el camino de elogiar, ni las virtudes
142 1939 1609 1987 cuando inicia su corriente de desvio hacia un género ó un grupo de autores. Hizo un
144 1984 1609 2034 parangón entre el género latino y el germano, no admitiendo inferioridad ni agota¬
145 2028 1611 2078 miento en el nuestro, y si un día fué apóstol del wagnerismo, declara hoy su propósito
144 2075 1527 2123 de hacer resaltar más sus defectos, como remedio saludable del mal antes citado.
197 2120 1613 2169 Era su empeño, más que una crítica pura, de altura, una crítica de aplicación con
147 2172 1611 2214 vistas á casa. para ello le fueron precisos argumentos más plásticos aunque menos ri¬
145 2217 1611 2263 gorosos; tuvo que exagerar las consecuencias de sus tesis, haciendo obra polémica y
148 2264 1611 2308 de actualidad. En suma, creyó deber de todos el ir contra el wagnerismo á ultranza,
147 2302 1614 2352 clamar contra los defectos del arte alemán, declarar peligroso, por incompatible con el
145 2347 1417 2397 genio de nuestra raza, su imitación, la prosecución de su escuela, etc., etc.
199 2391 1616 2441 La segunda conferencia versaba acerca de la «orientación del teatro lírico dramáti¬
148 2438 1616 2486 co de España» y era algo asi como la continuación de la anterior. Se proponia en
147 2488 1616 2531 aquella el examen de nuestra capacidad nacional para producir música; abundó en esta
148 2527 1616 2577 acerca de lo mismo. Citó, para ello, algunos datos conocidos, tales como la fama de
148 2580 1616 2622 las gaditanas en tiempos de Augusto, como graciosas en la danza y el canto; el caso
148 2616 1616 2667 de San lsidoro en el siglo VIl y las academias del Califato de Córdoba; los tiempos de
148 2661 1614 2721 Morales, Victoria, etc.; los tratadistas nuestros que tuvieron verdaderas adivinaciones
719 1178 974 1227 r2-Ilce¬
518 2852 1297 2910 O Biblioteca Nacional de España
