1826 2917
145 332 1590 385 blco la mayor lmportancia que daban á la música y el relativo lulo de la presentación
147 387 1589 431 escénica, decorado y vestuario. Poca importancia hubiera tenido este hecho aislado,
147 432 1594 474 pero el año 1700 había muerto el último monarca de la casa de Austria y por sn testa¬
149 478 1595 521 mento, aceptado por Luis XIV, se entronizó en nuestra patria la casa de Borbón con
150 520 1595 565 Pelipe de Anjou; la corte de este rey es francesa, sus dos mujeres son itallanas, ha¬
150 560 1597 609 bian pasado los tiempos de Carlos V y de Felipe Il en los cuales el castellano se ha¬
152 610 1597 654 blaba en las cortes de Inglaterra, Francia y Alemania, en que se extendía la lengua de
154 649 1600 700 Cervantes por todo el mundo conocido; ahora, en la corte de Castilla, el rey hablaba
157 708 1603 745 el francés con los ministros ó los confesores que le mandaba su abuelo; la reina, que
158 748 1603 790 tenía corazón lombardo y espíritu fiorentino, el italiano, con el abate Alberoni, que
158 789 1605 834 íba á ser dueño de los destinos de España, ó con los cantores é instrumentistas sus
160 839 1605 879 compatriotas, que trajo para distraer las pertinaces melancolias de su marido. En los
162 879 1607 926 últimos años de su reinado vino el célebre cantor Carlos Broschi, Farinello, que conti¬
163 922 1605 970 nuó sirviendo en palacio á los sucesores de Felipe V é lsabel de Farnesio, Fernando Vl
167 975 663 1016 y doña Bárbara de Braganza.
210 1009 1613 1063 Era, según Riecoboni, Farinello el último y más joven de los músicos ltalianos de
165 1058 1613 1106 gran reputación: canta por el gusto de Fanstina; pero según la opinión de los inte¬
165 1110 1611 1152 llgentes, no sólo es muy superior á ella, sino que ha llegado al último grado de la
167 1145 1613 1195 perfección. El éxito de este cantante en la corte fué inmenso, convirtióse en persona
170 1199 1615 1239 de confianza de los reyes y fué el que dispuso las fastuosas representaciones de ópera
173 1242 1618 1285 ltaliana. Dejemos la palabra á Moratín, que en el Discurso preliminar á sus comedias
175 1286 1618 1327 dices «A este hombre extraordinario se encargó la dirección del Teatro del Buen Reti¬
176 1330 1621 1370 ro, para que se hicieran en él óperas italianas, igualmente que todo lo relativo á las
178 1367 1621 1416 serenatas que se cantaban por el verano en Aranjuez, los embarcos nocturnos en la
180 1409 1621 1461 escuadra del Tajo, las iluminaciones, fuegos de artificio y demás festejos durante la
183 1463 1626 1507 jornada; en suma, todas las diversiones del Palacio se fiaron á su inteligencia y á su
183 1502 1626 1549 buen gusto. Broschi supo desempeñar estos cargos, si no con economia, con admirable
186 1555 343 1593 acierto.»
238 1594 1629 1640 «Trajo á Madrid los más excelentes profesores de música vocal é instrumental,
188 1633 1631 1683 maquinistas y pintores de escena, y adornó las representaciones con magnificencia
189 1688 1633 1730 suntuosa. Cuando se hacían algunos en el salón llamado de los Reinos, cubrían el piso
189 1733 1629 1779 exquisitas alfombras, las paredes colgaduras de tisú de oro, espejos, tallas y pinturas,
191 1779 1633 1823 entre las cuales se colocaban estatuas; la iluminación correspondia á todo lo demás;
192 1818 1639 1868 los músicos de la orquesta tenían uniformes de grana con galón de plata. En una ópera
196 1873 1639 1910 cantada en el Teatro se presentó una decoración toda de cristal; en otra ocasión se
196 1912 1641 1956 íluminó la sala del concurso con doscientas arañas; en la ópera de Armida placata se
199 1959 1642 1999 vió un sitio delicioso con ocho fuentes de agua natural, y una entre ellas con un surti¬
199 2003 1641 2041 dor que subia á sesenta piés de altura, sonando entre los árboles el canto de una mul¬
201 2050 1642 2090 titud de pájaros, imitado con la mayor inteligencia. La riqueza de los trajes, muebles y
201 2092 1644 2132 uiensillos de teatro, las comparsas (que á veces se componian de cincuenta mujeres y
202 2135 1647 2178 doscientos hombres), la vista de los ejércitos con numerosa caballerla, elefantes, ca¬
204 2182 1649 2223 rros, máquinas de guerra, armas, insignias, música militar, los fuegos artificiales que
205 2220 1649 2267 se veían al acabarse el espectáculo más allá de la escena (cerrándose la boca del Tea¬
210 2272 1650 2314 tro, para que el humo no ofendiese, con dos correderas compuestas de los mayores
209 2315 1652 2357 cristales de la fábrica de San lldefonso), todo era digno de un gran monarca que disi¬
209 2353 1078 2404 paba en esta diversión la opulencia de sus tesoros.»
261 2401 1655 2448 «Los poetas que escribieron las óperas, serenatas é intermadios desde el año l747
212 2443 1657 2494 hasta el de I758, fueron: el abate Pico de la Mirandola, Pedro Metastasio, Migliavac¬
217 2500 1660 2539 ca, José Bonechi y Pablo Rolli. Las piezas que se cantaron en el Retiro y en Aranjuez
217 2532 1657 2583 fueron éstas. Operas: Lo Clemenzo di Tito, Angelica e Medoro, Il vellocino d'oro,
217 2578 1660 2628 Polifemo e Galalea, Artaserse, Armida placala, Demofoonte, Demetrio, Didone
218 2623 1662 2673 abbandonata, Siroe, Nileti, Il Re pastore, Adriano in Siria. Serenatas: L'asilo
220 2669 1663 2719 d'amore, La festa chinese, La Nascita di Giove, L'isola disabilata, Le Mode, La
220 2716 1673 2769 Ninfa smarrita, Intermedios: Il cavalier Bertoldo, La Burla da vero, La Stalua, Il
802 239 932 293 -I-
515 2855 1295 2913 O Biblioteca Nacional de España
