1839 3009
541 91 1123 172 ÍNDICE
327 182 1344 237 DE LOS TRABAJOS CONTENIDOS EN ESTE TOMO
1462 287 1551 329 fetísu
113 356 922 407 Sobre el drama lírico nacional, por Julio Gómez
658 330 1019 372 Numero ! (Enero).
112 389 1006 444 Ideas y comentarios, por Joaquin Nin (continuación)
118 427 792 476 Acerca de un articulo, por F. Gascue.
113 458 546 511 Recuerdos de Beethoven
120 493 324 548 Necrología.
112 529 1447 591 Movimiento musical en España y el Extranjero. Bilbao, pot l. Zubialde y N.
163 575 1446 625 de T.; Barcelona, por V. M de Gibert; Madrid, por M. Salvador; Paris, por
168 610 446 648 Joaquín Turina
115 633 267 682 Noticias.
118 670 718 732 Publicaciones recibidas, por l. Z..
115 748 1086 807 Sobre el drama nacional (conclusión), por Julio Gómez.
635 728 1051 770 Número 2 (Febrero).
1507 687 1553 733 23
115 789 695 834 ¿Piano ó Clave?, por Joaquin Nin
118 815 723 867 La Primera Sinfonía de Beethoven
117 855 1452 917 Movimiento musical en España y el Extranjero. Rilbao, por I. Z.; Barcelona
162 896 1382 952 por V. M. de Gibert; Madrid, por E. M. S.; Paris, por Joaquín Turina.
120 919 300 967 Noticias.
117 989 476 1043 El Catátogo General
652 979 1033 1023 Número 3 (Marzo)
1507 942 1556 986 45
118 1034 740 1091 ¿Pedrell plaglario? por N Otaño, S
118 1063 971 1128 Un festival musical en Inglaterra, por Luis Millet
120 1099 1029 1166 ldeas y Comentarios (continuación), por Joaquín Nin.
117 1141 1452 1205 Movimiento musical en España y el Extranjero, Bilbao, por l. Zubialde; Barce¬
168 1181 1454 1242 lona, V. M. de Gibert; Gijót, por Bu-Har; Madrid, por Cecilio de Roda; Za¬
168 1216 914 1272 ragoza, por Z.; Paris por Joaquin Turina
118 1248 272 1292 Noticias
123 1282 379 1339 Necrologia
1507 1302 1556 1347 79
120 1364 677 1412 Orientaciones, por Rogelio Villar
685 1339 1026 1392 (Abril) 4 Número
122 1400 956 1454 Sobre el Catálogo general, por F. Calés y Pina
127 1430 725 1484 La Capilla Imperial Rusa, por I Z
127 1466 946 1517 Ideas y Comentarios (continuación), por J. Nin.
120 1501 1454 1557 Movimiento musical en España y el Extranjero, Bilbao, por l. Zubialde; Barce¬
172 1537 1452 1598 lona, por V. M. de Gibert; Madrid, por C. R.; Valencia, E. L. Ch.; Parts,
172 1573 884 1621 por Henri Collet; Roma, por E. Dagnino.
123 1604 270 1651 Noticias
123 1641 668 1688 Publicaciones recibidas, por l. Z
172 1678 1573 1733 A este numero acompaña el «Catálogo geueral de obras de concierto de autores es¬
123 1720 478 1763 españoles modernos.
125 1790 1198 1845 La müsica profana en el reinado de Carlos I, por Cecilio Roda.
678 1766 1028 1815 Rúmero 5 (Mayo)
123 1832 678 1878 ¿Piano ó Clave? por Joaquin Nin
1497 1802 1561 1847 109
125 1863 1024 1912 La IX Sinfonia de Beethoven, por Mateo H. Barroso.
1504 1838 1549 1883 117
127 1905 1120 1957 Apropósito del Catálogo General, por Conrado det Campo
1497 1870 1559 1915 118
127 1935 1456 1990 Movimiento musical en España y el Extranjero. Bilbao, por l. Zubiaide; Barce¬
1497 1907 1559 1959 122
177 1975 1454 2032 lona, por V. M. de Gibert; Madrid, por Miguel Salvador; Zaragozd, por L.;
180 2004 954 2066 Bruselas, por White; Paris, por H. Collet
127 2037 270 2082 Noticias
1502 2017 1561 2062 124
127 2067 548 2129 Publicaciones recibidas
1499 2049 1556 2099 134
1501 2089 1563 2134 135
128 2149 1235 2216 La música profana en el reinado de Carlos I, por Cecilio Roda.
680 2136 1041 2183 Número 6 (Junio)
130 2188 1076 2253 Sobre el Catálogo General, por Francisco Calés y Pina
1501 2161 1561 2213 138
137 2218 481 2273 ldeas y Comentarios
1499 2199 1564 2243 145
130 2260 1459 2321 Movimiento musical en España y el Extranjero. Bilbao, por l. Zubialde; Barce¬
1499 2236 1561 2281 147
183 2298 1459 2357 lona, por V. M. de Gibert; Oviedo, por X; San Sebastián, por Lushe-Mendi;
187 2330 1456 2402 Vatencia, por Eduardo L. Chávarri; Burdeos, por J. Daene; Londres, por J.
185 2368 782 2433 Olavarria; Paris, por Henri Collet
132 2400 326 2448 Necrología
1501 2380 1564 2427 150
135 2433 309 2487 Noticias
1501 2417 1561 2462 164
132 2472 539 2527 Publicaciones recibidas
1501 2452 1559 2500 161
1501 2489 1566 2535 163
523 2945 1309 3003 o Biblioteca Nacional de España
