1776 2887
864 165 1010 222 - 18-
195 256 1663 309 za de dominio, con una casi maestria, dentro de sus pocos años, y con una exuberancia
195 309 1665 352 de expresión, dirigió este concierto, que ha sido uno de los mejores de esta temporada.
197 348 1663 400 En el programa figuraban Don Juan, de Strauss; la overtura de Maestros Cantores,
198 402 1668 444 una sinfonía de Enesco, que tal vez me hubiera gustado si no hubiera tenido enfrente
194 445 1668 489 al autor llevando el compás con la cabeza; un concierto de Saint-Saéns, tocado por un
197 493 1668 537 pianista que daba muchas notas faisas, pero que en cambio hacia muchos gestos y que
197 535 1671 579 al público le gustó muchisimo, yo no sé por qué; y por último una rapsodia de Casella
198 583 1670 630 llamada ltalia, cuyos temas son populares. Esta rapsodia es deliciosa como sentimien¬
198 628 1665 670 to, como ritmos y como color orquestal, y sus temas, sicitianos en su primera parte,
197 672 1666 716 tienen cierta analogía con el sentimiento andaluz (el verdadero, el de procedencia ara¬
198 718 1671 763 be, no el importado por los comerciantes de la música). En cuanto á la segunda parte,
197 761 1673 806 está hecha con temas napolitanos, que entusiasmaron al público, sobre todo cuando los
198 808 1299 851 violoncellos atacaron triunfantes el admirable funiculi funicula.
250 848 1676 898 La música española continúa cada vez con más partidarios aquí, hasta el punto de
198 896 1674 946 preguntarme yo si el verdadero renacimiento español saldrá de Paris, una vez que to¬
198 941 1670 989 das las ilusiones de los compositores españoles vienen hacia aquí, sean castellanos co¬
202 986 1674 1032 mo del Campo, Villar, Pérez Casas; sean catalanes como Granados, ó vascongados
200 1039 1674 1079 como Guridi. El caso es que este año abrió camino la Asociación de Concerts Rouges
202 1085 1679 1125 con un programa español, donde figuraban A lbéniz con su Catalonia; Falla con sus me
200 1129 1676 1170 lodias, que fueron interpretadas por Lucy Villemin, y sus piezas españolas que inter¬
202 1166 1674 1220 pretó él mismo; Llobet, cada vez más maravilloso con su guitarra; Cassado, con su
203 1214 1676 1259 Hispania de piano y orquesta, y por último el firmante de esta crónica, que estuvo re¬
203 1260 1673 1308 presentado por el Quinteto de piano y cuerda y por la suite Sevilla. En febrero ten
205 1307 1674 1352 dremos un festival del Cuarteto Sangrá, y Lejeume que prepara dos, en febrero y en
208 1356 338 1395 marzo.
255 1400 1674 1441 Parent ha empezado los I7 cuartetos de Beethoven. Creo que no me cansaré nunca
203 1437 1676 1485 de oirlos. En cuanto á su pianista, Marta Dron, por no ser menos, ha empezado tam¬
203 1490 1679 1533 bién una audición integra de las 32 sonatas de piano. «¿Le dan á usted mucho que hacer
205 1533 1676 1576 esas 32 sonatitas?o esto le preguntó hace unos dias el ilustre Rister, que se encontró
203 1571 1679 1623 frente á ella en una cena; pero por más que hice no pude descubrir en su cara de ce¬
205 1619 1289 1668 merciante acemodado, ninguna ironía, por lo menos al exterior.
264 1661 1687 1712 También empiezan las sociedades «Nacional» y «S. M. I », por cierto, con una vuelta
205 1709 1681 1759 á sus antiguas rivalidades. Ello es que en la época de su fundación, Fauré se encargó
206 1761 1682 1804 de la presidencia y tomó el puesto con gran entusiasmo, pero salió un critico intem¬
206 1797 1687 1857 pestivo que, en su deseo de hacer mal, vació en un periódico todas cuantas tonterías
208 1844 1686 1894 tenía en su caletre y dijo además algunas verdades, entre ellas la de que Fauré habia
206 1895 1681 1939 aceptado la presidencia en segundo lugar y eso por haberla rechazado Debussy, á
208 1935 1684 1992 quien se la habfan ofrecido. De este articulito, nació primero un duelo y después una
208 1979 1686 2030 retirada de Fauré que, sin dejar de ser presidente, no ha vuelto más por allí. Por fin,
210 2030 1689 2077 este año se sabe que, olvidando sus rencores con la Nacional y con dIndy, vendrá á
211 2075 1686 2123 ésta, conduciendo su falanje de intérpretes, y deja á sus discipulos, que forman el nú
211 2115 1687 2168 cleo de la S. M. I., con tres palmos de narices. Estos, consternados, quieren á toda
210 2163 1689 2214 costa deshacer antiguos errores y festejar á su presidente, que al fin irá el dia 27 de
211 2214 1689 2258 este mes, imponiendo condiciones y dificultades innumerables. De todo este periodo
213 2251 1690 2303 histórico se ha resentido el primer concierto de la Nacional, en el que, á pesar de ser
214 2296 1689 2349 la Sociedad eminentemente scholista, no figuraron más que obras conservatoriales; de
214 2343 1690 2394 Rauré-¿cómo no?-de Debussy y de Roger Ducasse, que aseguraba muy serio hace
213 2388 1690 2442 tres meses que en su vida pondria una obra suya en la Nacional. Inútil decir que la jun¬
214 2439 1692 2487 ta de gobierno de esta Sociedad aplaude hasta romperse las manos á los conservatoria¬
219 2492 824 2535 les «para hacer rabiar á los otros».
267 2529 1692 2577 Los conciertos menores se van multiplicando poco á poco, bien recibidos casi siem¬
216 2575 1684 2625 pre por un públlco que nunca paga, si bien unos son interesantes y otros aburridísi
216 2617 1695 2667 mos. Entre los interesantes, debo hablar de los de Blanca Selva, inmensa pianista en
216 2657 1694 2721 Al doble sentido fisico é intelectual, que, entre otros conciertos, ha dado uno dedicada
498 2826 1272 2883 O Biblioteca Nacional de España
