1778 2889
815 146 968 200 - 21-
155 237 1622 295 cantan melancólicamente ó, mejor, lloran sus miserias; son gatos vagabundos, en cuya
155 287 1326 335 triple alianza de plañideros se ha fundado el humorismo de Scarlatti.
213 332 1618 380 También el Cuco de Daquin es triste; se vé que no puede enorgullecerse de la legi¬
155 381 1618 426 tima posesión del nido que ha ocupado. Las Folies Francaises, de Couperin, son una
155 430 1618 470 Serie de bocetos parisienses, tan bizarros como sus titulos. Los hay, entre éstos, tan
157 471 1618 518 inesperados como Domtino couleur d’invisible, en una serie en que se reviste á los
162 518 1312 560 dominios de un balle imaginario con los colores más estrambóticos.
203 558 1618 609 Rameau ha querido dar, en un motivo de su composición La Rameau, una idea de
155 614 1620 653 su mujer, que era muy hacendosa, y describrir la limpieza de la casa y hasta el sacu¬
155 654 512 699 dir de las alfombras.
195 694 1620 744 En cambio, al tí tulo de Humorescas, que se dá á menudo á composiciones musica¬
155 744 1620 789 les, no corresponde siempre un sentido humorístico. En un Humoresca de Max Reger,
155 792 1622 834 se describe una orgia de diabios, después de abundantes libaciones de cerveza. Dvo¬
155 836 1622 879 ral explaya su humorismo en las danzas rítmicas de los signos americanos; pero el
155 881 1617 926 humorismo verdadero habrá que buscarlo en Neitzel mismo, pues, según nos refiere,
157 926 1617 969 ha compuesto una Gavota, la Gavota de las ostras, hecha en acción de gracias por
155 974 1011 1015 diez docenas de ostras regaladas por un discipulo.
207 1019 1625 1060 Después de haber explotado los compositores toda la ornitologia, he aqui que los
159 1057 1178 1105 moluscos empiezan á introducirse en el mundo de la música.
207 1102 1620 1152 La conclusión final que saca Neitzel de todo esto, es que para obtener lo cómico en
162 1157 1201 1197 música lo mejor es un libreto gracioso y dejarse de lo demás.
819 1221 971 1251 --f---
210 1274 1628 1327 La Nuova Musica de Florencia refiere la dolorosa historia de una orquesta com¬
157 1319 1628 1372 puesta de los mejores músicos de Bolonia, Ferli, Faenza y otras poblaciones de aque¬
160 1365 1625 1417 lla región, bajo la dirección del maestra Toni, que fueron á Milán con objeto de dar
160 1412 1627 1462 tres conciertos en el Teatro Lirico. Ln primera noche el teatro estaba vacio; una cin¬
159 1457 1628 1505 cuentena de personas; pero el éxito fué completo. Esto les daba mejores esperanzas
157 1510 1630 1553 para el porvenir. En efecto, en un concierto á precios reducidisimos que dieron al dia
159 1555 1630 1596 siguiente, domingo, por la tarde, hubo gran concurrencia; pero la noche misma se vie¬
159 1593 1630 1641 ron obligados á suspender la función porque, al tiempo de empezar, sólo se habian pre¬
162 1646 1631 1685 sentado en junto siete personas, de las cuales dos eran forasteras y estaban admira¬
162 1691 1045 1730 das del amor á la música mostrado por los itallanos.
212 1728 1631 1776 El maestro Soffredini, uuo de los poquísimos concurrentes, escribe comentando el
162 1784 306 1821 suceso:
215 1847 1630 1887 «¿Es posible que este Milán, este decantado centro artistico, no contase mil, qui¬
162 1893 1631 1934 nientas, cien personas lo bastante aficionadas á la música para acudir á escuchar un
162 1929 708 1977 espléndido progvama sinfónico?
213 1983 1633 2023 ¿Es posible que, aparte de mí, no hub iera siqniera uno de los trescientos profeso¬
163 2028 1630 2068 res de Milán á quien aquello interesase?... Si cada uno de dichos maestros hnbiera he¬
160 2070 1633 2112 cho lo que nosotros, llevar consigo tres alumnos, el teatro hubiera contenido más de
162 2107 1638 2158 mil personas. ¿Y todo el resto, los inteligentes, los músicos, los dilettanti? Nadie,
162 2155 297 2208 nadie.»
218 2219 1636 2269 Y el periódico italiano conc luye, á guisa de comentario, con un refrán que pudiera
162 2266 613 2311 tradncirse con el nuestro;
216 2317 785 2357 «En todas partes cuecen habas.»
830 2373 974 2405 --6--
208 2418 1636 2470 El 24 de este mes se festeja en Alemania el segundo centenario del nacimiento de
162 2466 1635 2515 Federico el Grande. Antes de que los oradores oficiales tomasen la palabra para elo¬
162 2511 1636 2561 giarle como guerrero, como rey ó como filósofo, los escritores musicales se habian
163 2566 1018 2604 apresurado á recordar su habilidad como flautista.
215 2608 1631 2649 Quien más detalles ha dado sobre su talento musical ha sido Henningsen, en un li¬
160 2651 1627 2698 bro titulado Fridericus mein Mónig. El nos revela que los adagios eran los que lleva¬
494 2828 1276 2884 O Biblioteca Nacional de España
