1762 2879
1233 1 1501 41 VAIUNER.
1222 23 1486 97 DA MADT
825 107 998 163 - I6-
1237 97 1409 139 BIBIO
171 209 1645 254 á las obras de Severac, desde el Chant de la Terre, poema agricola ó pocó menós,
169 251 1632 303 hasta Cerdagna, su última obra. También he de hablar de dos orquestas flamantes;
171 297 1632 345 la hdedical fermada por el Cuerpo de doctores en medicina, que no ha empezado aún
172 347 1632 391 á funcionar, y la UJ. F. P. C ó sea Unión des Femmes Professeurs et Compositeurs.
174 391 1635 436 Confleso que cuando lei el titulo me horrorizé á la idea de una mujer tocando el trom¬
171 431 1637 483 bón, pero después me han tranquilizado diciéndome que el elemento femenino es sola¬
174 489 1638 529 tuente para la cuerda y que para los instrumentos de viento entran en el redil algunos
172 526 1637 571 lobos pacíficos, como dice un critico de buen humor. Hablaré de esta orquesta en mi
172 572 1643 620 próxima crónica, pues, según dicen, interpretan muy bien el programa, que dirige pa¬
176 620 1640 662 ternalmente el obeso y barbudo Rhené-Báton, excelenfe «kapellmister». La cosa, des
174 662 1637 710 pués de todo, es natural en un hombre que se llama Bálon. A los conciertos aburridos
176 708 1286 753 prefiero dejarlos en el tintero. ¿No se les hace un favor con ello?
1182 743 1520 798 JOAQUÍN TURINA.
220 802 396 839 Enero 1919.
598 977 1233 1047 NOTICIAS
236 1130 1651 1180 Un hecho de la más alta importancia para el arte español acaba de realizarse. Se
192 1185 1649 1228 trata de los conciertos de música española que, bajo la dirección de Arbós, se han ce¬
192 1226 1651 1273 lebrado, primero en Moscou, con la Orquesta Filarmónica, y luego en San Petersbur¬
192 1274 1392 1321 go, con la Imperial. El programa era el siguiente en ambos conciertos;
244 1321 771 1362 Suite murciana. Pérez Casas.
248 1359 966 1407 La Divina Comedia. Conrado del Campo.
241 1405 1656 1455 Zamóra, Guajiras y Tango, piezas para violín. Arbós. (Ejecutadas por el violinista
192 1449 350 1500 Rivaude.
241 1495 1661 1545 Evocación, El Puerto y Catalonia. Albéniz. (Las dos primeras en la transcripción
192 1546 532 1588 orquestal de Arbós.
243 1594 1662 1634 Los conciertos han tenido un éxito inmenso y al de San Petersburgo concurrieron
193 1634 1659 1677 las primeras figuras del arte ruso. Todas las obras importantes fueron aplaudidisimas
193 1676 864 1727 y bisadas las de violín y algunas otras.
243 1730 1665 1770 El éxito de esta tentativa afortunada ha repercutido en otros paises, y actualmente
196 1776 1662 1816 se siguen negociaciones, que la discreción nos impide hacer públicas, para extender las
196 1823 1253 1863 manifestaciones de arte español á otras importantes capitales.
252 1863 1661 1908 También nos es muy grato consignar el éxito alcanzado en Berlin por otros compa¬
198 1911 1664 1956 triotas. El violinista Blanco Recio ha dado allí recientemente un concierto, ejecutando,
198 1956 1665 1997 entre otras composiciones, una Romanza de lesús Guridi, y habiendo merecido la obra
200 1996 1129 2045 y el intérprete los más favorables juicios de la crítica.
860 2048 1011 2079 --6--
249 2074 1670 2127 Una noticia que ha producido sensación en los circulos artísticos, pero que convie¬
200 2124 1670 2172 ne acojer con toda clase de reservas, se ha esparcido días atrás. Recordarán nuestros
200 2170 1667 2215 lectores los juicios sobre la obra de Strauss atribuidos á Sigfrido Wagner y que ésté
204 2223 1672 2263 negó con tibieza. Pero parece ser que existen pruebas escritas de la certeza de aque
203 2261 1672 2307 llas virulentas diatribas y ahora se atribuye á Strauss el propósito de vengarse, hirien¬
203 2314 1582 2354 de á su enemigo en el punto más sensible, que, según malas lenguas, es la bolsa.
254 2344 1675 2403 Al efecto se dice que proyecta celebrar, en Bayreuth mismo, una temporada straus¬
203 2395 1675 2448 siana, enfrente de la wagneriana, y en la misma época señalada para ésta. El principal
204 2442 1677 2491 atractivo de esta saison sería las primicias de su nueva obra Ariadna en Naros, que
204 2482 1677 2538 Strauss está escribiendo en colaboración con su fiel Haffmannstal, acompañándole en
206 2528 1289 2583 el carlel El Caballero de la Rosa, seguido el Elektra y Salomé.
259 2579 1678 2629 Según las noticlae que corren, se han entablado negociaciones, aunque sin resulta¬
206 2621 1677 2690 dó, para obtener el arriendo del Schloseentheater de Bayreuth, y después el del Teátro
489 2819 1265 2875 O Biblioteca Nacional de España
