1773 2877
957 1 1312 51 ASOCIACIÓN
962 41 1312 113 VAGNERIANA)
959 102 1304 171 DE MADRID
984 158 1309 215 BIBLIOTECA
713 231 831 292 -3
38 322 1504 388 la clase popular y la media son hoy también las que con más entusiasmo aplauden las
39 377 1502 425 obras de Benavente ó los Quinteros en teatros que nada deben á la protección oficial.
89 417 1502 469 La música en el teatro nacional se reduce en sus orígenes á canciones y bailes
39 466 1502 522 que servían de intermedio y nada tenían que ver con la comedia, que era la principal
41 513 1504 562 representación; de los precedentes gloriosos que pueda tener en la edad de oro de
41 557 1504 608 nuestra literatura el teatro lírico y que se invocan solemnemente por los panegiristas
41 600 1502 655 de la ópera española, sabemos muy poco; ia música de las zarzuelas ú óperas de Lope,
43 642 1504 700 Calderón y Bances Cáudamo nos es totalmente desconocida, no faltando quien supone
43 695 1504 740 que era de imitación italiana, fundándose en la Gelidanza, de Puesneda, estrenada en
49 735 1507 791 Venecia en 1692, pero no es esta prueba de gran fuerza, pues este maestro vivió casi
47 781 351 827 siempre en ltalia.
95 826 1517 877 Sin duda nuestros archivos reservan grandes materiales que un dia han de consti¬
43 871 1509 922 tuir una hermosa tradición en la cual fundar nuestro teatro lírico; hoy por hoy no po¬
44 917 1507 966 demos construir sobre los cimientos que echasen nuestros compositores dramáticos
44 962 1509 1018 del sigio XVIl, pues ellos nos son casi completamente desconocidos. Cita Barbieri la
46 1003 1509 1059 Selva de amor, de Lope de Vega, para demostrar que la ópera se conocía en España
47 1050 1509 1106 antes de que la trajesen los italianos á principios del siglo XVIll; pero, que conociesen
46 1096 1507 1147 la ópera, ¿implica que tuvieran un drama lírico suyo propio con carácter nacional? ¿No
46 1139 1509 1193 están indicando lo contrario las palabras del propio Lope en la dedicatoria de la citada
47 1190 1509 1245 obra? Dice en ella que esa égloga, que se representó cantada á sus majestades, era
46 1233 1510 1289 cosa nueva en Espana; describe después los ingeniosos artificios escénicos que hizo
46 1278 1509 1334 para ella Cosme Lotti, ingeniero florentino. ¿No indica esto claramente que esta obra
47 1321 1349 1377 fué compuesta á imitación de las que por entonces estaban en boga en ltalia?
95 1366 1510 1425 Literariamente, las zarzuelas y comedias con música de nuestra edad de oro son un
47 1414 1514 1465 género Inferior, menos castizo, siendo sus asuntos casi siempre mitológicos y sirviendo,
49 1457 1510 1512 de precedente histórico de la pobre invención de la comedia de magia. Además, se da
47 1504 1515 1561 constantemente el hecho de que las representaciones lírico-dramáticas de importancia,
47 1550 1515 1598 se celebran en el Palacio real, en grandes fiestas de natalicios, matrimonios, visitas y
51 1595 1512 1643 otros acontecimientos principescos, mientras el pueblo continuaba gustando en los co¬
49 1641 1515 1687 rrales de la comedia y de la música verdaderamente nacional de entremeses, bailes y.
51 1681 233 1734 canciones.
100 1726 1514 1778 En el sigio XVIll, simultáneamente con la mayor decadencia de nuestro teatro, flo¬
49 1772 1517 1830 rece un género nuevo: la tonadilla, que puede considerarse como un sainete Iírico de,
51 1818 1515 1876 corta extensión; pero no tardó en decaer, por lo pedestre de su poesía y por haberse
51 1860 1512 1921 dado los compositores á seguir las formas italianas; fenómeno bien digno de notarsa,
52 1906 1515 1965 pues ha de repetirse en el siglo siguiente, siendo causa también de la decadencia de
52 1949 353 2007 nuestra zarruela.
108 1997 1517 2058 Vemos, pues, que, antes del siglo XIX, nuestra tradición lírico-dramática es insegu¬
52 2039 1518 2106 ra, existiendo sólo con vida propia y savia verdaderamente nacional los géneros popu¬
52 2085 1053 2146 lares: los bailes, jácaras, tonadillas y canciones regionales.
103 2135 1518 2194 Ahora, veamos cómo se verifica la invasión en nuestra patria de la música italiana
52 2178 1518 2239 y, Io que es más vergonzoso, de la lengua italiana para las representaciones musicales.
54 2221 1520 2288 Hemos visto ya cómo los espectáculos lírico-dramáticos eran en el gran periodo de
54 2266 1520 2333 florecimiento de nuestra literatura de menor importancia artistica que los puramente
54 2312 1518 2378 dramáticos; además la música se interpretaba con una pobreza de medios verdadera¬
57 2359 1523 2423 mente mezquina: cinco violines y un contrabajo dice Moratín que formaban la orques¬
55 2400 1514 2471 ta, que no siempre acompañaba los cantables, pues en contra de toda verosimilitud y
54 2443 1521 2517 respeto á la ilusión escénica, salla muchas veces á acompañar un tañedor de vihuela y
54 2488 1521 2557 la orquesta sólo servía para acompañar los bailes, cuyos variados nombres se han con¬
55 2536 1523 2600 servado. Los teatros eran corrales á cielo abierto y las decoraciones unos telones de
57 2578 1518 2651 indiana; pocas veces, en las comedias que llamaban de teatro, ponían telones pintados,
57 2626 1520 2696 bastidores y bambalinas. El primer teatro, algo parecido á lo que hoy entendemos por
57 2666 1523 2742 tal, fué el de los Caños del Peral y allí actuó á principios del siglo XVIIl una compañía
55 2713 1520 2790 de italianos que hicieron óperas y comedias, llamando desde luego la atención del pú¬
497 2816 1264 2873 O Biblioteca Nacional de España
