1788 2894
786 157 932 210 - 12-
123 249 1591 299 terpretándolo con elegante abandono, á flor de teclado, dando cierta impresión de
123 295 1591 344 hastio, que por acordarse muy bien con la nuestra propia nos pareció de perlas. Pero
125 345 1593 393 entonces, ¿por qué tocar Chopin? ¿Por qué no dejair reposar siquiera una veintena de
123 390 1593 437 años á igual ó menor número de obras de este autor con que nos muelen los oidos ine¬
127 437 693 477 vitáblemente todos los pianistas?
176 485 1595 527 Bordas tocó con sentimiento justo y adecuado estilo tres piezas de música antigua
123 525 1593 570 en transcripciones de Rreisler, sin cuyo marchamo no pueden, á lo que parece, llegar
125 573 1596 617 hasta nosotros las composiciones violinisticas de los pasados siglos. ¿No sería más ló¬
125 622 1596 664 gico servirse de las versiones auténticas, ya que sobre las del célebre violinista pesan
127 667 876 709 las más duras acusaciones de mixtificación?
175 713 1598 754 Otros dos conciertos tuvimos el 7 y 8 de enero, cuyo peso recayó en el violoncellista
130 750 1596 799 Van lsterdaél y el pianista Levy, aliviados en su tarea por la cantante Agnés Borgo.
127 805 1598 844 Como obras de combinación de los dos instrumentos figuraban aigunas sonatas italia¬
125 839 1599 887 nas (Marcelo y Bocherini) la monumental en la de Beethoven, y una de las de Mendels¬
127 887 1599 935 sohn que mejor justifican el ostracismo que padece esle comnosilor; á más de unas varia¬
127 934 1598 975 ciones del mismo y otras de Beethoven-indignas de él-sobre un tema de Mozart. El
128 982 1598 1022 violoncellista tocó también una variada colección de piezas de diversos autores, como
128 1025 1601 1070 Háendel, Geminiani, Saint-Saéns, Fauré, etc.; el pianista algunas de las admirables
128 1065 1601 1114 elberias» de Albéniz, la «Leyenda de San Francisco andando sobre las ondas», de
128 1117 1601 1159 Liszt, con otras obras de menos fuste, y la cantante nos dió los cinco poemas de Wag¬
127 1154 1599 1204 ner, el «Rey de los Alisos» de Schubert y diversas melodías de Gounod, Massenet,
128 1209 1603 1249 Georges y Grieg. En suma, tin programa-mosaico, como sucede siempre que inter¬
133 1255 683 1294 vienen elementos heterogéneos.
178 1291 1603 1339 La señorita Borgo es dueña de una voz teatral, grande y de no mal timbre, pero
128 1344 1603 1385 más propia, por lo mismo, para las expansiones dramáticas que para las intimidades de
130 1381 1604 1429 lied. Por eso no brilló en las melodias de los compositores franceses (y esto no es lla¬
130 1434 1604 1475 mar lieder á las frivolidades massenéticas) y alcanzó su apogco en la sublime balada de
130 1471 1601 1520 Gothe y Schubert, cantada en la lengua originaria, produciendo una emoción in¬
130 1517 1603 1567 tensa al detallar con sobriedad, pero con relieve, la intervención de los tres personajes.
183 1559 1604 1610 El violoncellista lsterdaél mostró en todas ocasiones la facilidad y solidez de su me¬
130 1607 1603 1657 canismo, facilidad que le lleva á momentáneas precipitaciones de tiempo, pero es la¬
131 1656 1606 1701 mentable que, en cuanto á la interpretación, use de recursos tan poco legitimos como
131 1696 1606 1749 el portamento constante. El talento innegable de este artista no ha de negarle medios
131 1744 1604 1792 expresivos de más elevada condición, permitiéndole abandonar los presantes, sólo ex¬
131 1787 1607 1840 plicables quizá por la equivocada idea que tienen los hombres del norte de la cultura de
136 1836 588 1882 los públicos meridionales.
191 1882 1609 1927 Y, en fin, oí́mos con gusto el juego seguro, pero incoloro, del pianista Levy que, si
131 1930 1607 1974 no pudo, como es natural, presentar en su gracia nativa las piezas de Albénia, mostró
135 1967 821 2017 una real pujanza en la leyenda de Lisat.
1246 2011 1524 2065 I. ZUBIALDE.
832 2080 910 2120 844
189 2160 1611 2201 Como todos los años por esta época, volvemos á reunirnos delante de esa curiosa
138 2204 1611 2244 falange de artistas de ambos sexos, bastantes de ellos que sentados no llegan con los
138 2244 1609 2295 piés al suelo ni pueden empuñar más que un cuarto de violin, pero todos entusiastas y
138 2287 1609 2336 satisfechos al salir una noche de la soledad de las ciases á la presencia de un público
138 2331 1611 2381 convencido, á su frente Lope Alaña, director abnegadisimo é inteligente de la Acade¬
139 2379 1612 2427 mia. Conjunto al fin de alumnos, y de distintos cursos y distintas cupacidades, sería
141 2434 1611 2472 contra toda justicia criticarlo como una orquesta ya forinada, y no como una promesa
141 2477 1611 2517 ó esperanza. Y á este respecto, el juicio no puede ser más halagueño: dentro de no mu¬
143 2524 1612 2562 cho tiempo, tendremos cuerda buena y nutrida, y con tal base, la orquesta verdad, tan
143 2567 1611 2607 suspirada y tan necesaria para el completo desarrollo de la vida masical en esta viila.
194 2612 1612 2651 El concierto fué muy variado y ameno. Tocó la orquesta como piezas de conjunto
141 2648 1611 2701 un tiempo de un Quinteto de Mozart, el Preludio de El Diluvio de Saint-Saens, un Co¬
503 2834 1283 2889 O Biblioteca Nacional de España
