1788 2894
839 118 993 175 - 26-
173 213 1649 271 Real, propledad del Estado bávaro, con el que se ha venido á un acuerdo. En fin, se
175 268 1651 310 asegura que Strauss ha obtenido el concurso de Max Reinhardt, director del Teatro
175 315 1649 361 Alemán de Berlín, que se encargará de los cuidados de la puesta en escena y demás
173 360 900 401 menesteres extramusicales de la empresa.
836 416 987 446 --(---
220 464 1652 514 Se ha formado en Munich una Sociedad, de la que forman parte las principales fi¬
172 514 1652 561 guras musicales de la capital, para erigir, en un punto no designado todavía, un edifi¬
172 554 1652 604 cio destinado á grandes audiciones de obras sinfónicas y corales, en forma de festiva¬
172 607 1652 649 les periódicos. Se proyecta darle el nombre de Symphoniehaus y considerarlo como un
175 643 902 696 bomenaje nacional al genio de Beethoven.
837 709 992 746 -o-8-o-
221 754 1654 805 De algún tiempo á esta parte se ha puesto de moda el sacar las obras teatrales de su
172 800 1652 848 ambiente normal para llevarlas á los mismos ó análogos lugares que aquellos en que la
173 844 1651 895 acción se desarrolla. Asi ahora se proyecta dar en Nuremberg una original representa¬
173 890 1654 938 ción de «Los Maestros Cantores», colocándolos en condiciones de un realismo insupe¬
175 935 1654 985 rable. A falta de poder dar el primer acto en la iglesia de Santa Catalina, se celebrará
173 983 1654 1030 éste en el teatro; el segundo será delante de la casa de Hlans Sach y el tercero en la
175 1024 1652 1078 pradera bordeada por el Penitz, tal como la pide el libreto. De realizarse esta idea,
178 1072 1652 1123 cuyas dificultades de orden artístico y hasta económico no se ocultan al menos perspi¬
175 1119 964 1165 cpz, se llevará á efecto en el próximo verano.
839 1178 993 1220 7-0---
226 1228 1654 1276 Se encuentra enfermo de una paralisis nerviosa, que inspira serias inquietudes, el
175 1270 1656 1323 compositor Engelbert Humperdinck. Sin embargo, las últimas noticias de su posesión
175 1324 1447 1368 de Grunewald, donde se encuentra, son últimamente más tranquilizadoras.
834 1371 988 1419 --(--
225 1429 1654 1477 Perosi trabaja actualmente en una obra que bien puede calificarse de patriótica y
175 1469 1656 1522 basta, si se quiere, de chauvinista. A la serie de sus poemas sinfónicos simbolizando
176 1516 1656 1569 las grandes villas italianas, como Roma. Venecia y Florencia, está añadiendo uno con¬
176 1559 1299 1620 sagrado á Trípoli, considerándola ya como una vílla más italtana.
837 1625 995 1656 --I--
225 1673 1656 1726 El doctor Otto Neitzel, hábil pianista, renombrado compositor y temido crítico de
176 1725 1657 1773 Colonia, ha dado últimamente en Londres una conferencia sobre el humorismo en mú¬
176 1765 1657 1818 sica, tan instructi va como entretenida. Fué una reseña rápida de las más notables com¬
176 1818 1656 1866 posiciones musicales humoristicas, desde la famosa Fuga del galo hasta el recientísi¬
176 1855 853 1906 mo «Caballero de la Rosav, de Strauss.
226 1910 1657 1951 En general, hizo observar Neitzel, los músicos que dan conciertos salen con caras
176 1948 1657 1998 tan serias, que se diria que la risa no está permitida en música. Aun cuando un pianista
178 2003 1659 2043 toca una pieza cómica, como tantas que han escrito los más insignes maestros, parece
178 2048 1656 2091 tan afligido como si hubiese perdido á una persona de su familia. La obra sonríe y él
176 2093 541 2135 permanece taciturno.
194 2139 1659 2181 Humor y licor, afirma Neitzel, tienen, hasta cierto punto, igual significado. Los an.
180 2181 1659 2223 tiguos griegos y romanos se imaginaban que el equilibrio mental, y especialmente la
178 2221 1657 2275 producción del buen humor, dependian de una suficiente ingestión de liquido en el cuer¬
180 2275 385 2316 po humano.
231 2308 1657 2358 A los compositores barrocos de Paris les gustaba el buen Burdeos, y á Beethoven
181 2366 1657 2406 el vino del Rhin. Los modernos beben de todo y su música se asemeja á su manera de
180 2410 300 2451 beber.
231 2445 1657 2501 Conocida es, casi por todo el mundo, la historia de la Fuga del gato, de Scarlatti;
181 2500 1652 2541 un gato que hace una excursión por el teclado, tocando salamente las notas negras, y
180 2541 1656 2591 produciendo un extraño tema, del que el compositor tuvo la ocurrencia de servirse
180 2591 1657 2635 para hacer una fuga. Sino que como la fuga es á tres voces, y cada una de ellas con¬
180 2630 1654 2686 serva su independencia, Neitzel propone llamarla Fuga de los tres gutos. Estos gatos
503 2834 1283 2889 O Biblioteca Nacional de España
