1778 2888
759 147 909 210 -16́-
99 251 1572 303 tmas-tasebras monumentales editadas por la Bach-Gaselschafi y la N. B.G., el estu¬
97 300 1572 341 die se hamecho posible con gran comodidad; la producción literaria que como conse¬
99 346 1574 388 cuencia de esto se ha realizado es enorme. Caracteristico, entre nosotros, es que estos
99 391 1572 433 libros-sobre todo los manuales, que resumen las conclusiones halladas-, son muy co¬
99 439 1572 479 nocidos por nuestros profesionales y aficionados; pero nadie conoce llas obras critica¬
96 479 1421 526 das, las obras originales: es una cultura, toda ella de segunda y tercera mano.
152 527 1572 571 Yo preconicé la aplicación de un método más cientifico, de mayor rigor, el que hoy
97 574 1574 616 se iemplea en todos los estudios é investigaciones y á su demostración dediqué las dos
96 614 1574 661 tardes. Presenté las ediciones, estableci las categorias de las obras, enseñé su manejo
97 661 1575 709 según él problema que en cada momento puede proponerse un investigador y procedí á
99 710 1404 750 realigar varies ejercicios prácticos ejecutando en el piano muititud de obras.
152 755 1579 797 Los ejercicios consistieron singularmente, en deducir el carácter de la obra de Baca
99 799 1577 845 y mostrar sus principales facetas valiéndome de los Preludios del Clave bien tempera¬
101 840 1579 885 do; en un análisis comparativo de una son ala biblica de Ruhnau y el Capmicclo
102 884 1579 935 sopra la lomtananza del suo fralello dilettisimo de Bach, estudio conocidísimo que se
102 930 1579 978 suele hacer sin oir las obras, á remediar lo cual, simplemente, á hacer una comproba¬
102 972 1579 1026 ción experimental y no á hacer un hallaago, estaba destinado; otro ejercicio fué de
104 1028 1579 1070 eramen y comparación de ediciones, para mostrar la ventaja que esto tiene para ha¬
102 1066 1577 1115 cerse con un cierto criterio de interpretador, y para discernir en lus lecturas; el otro
104 1111 1274 1161 fué la evolución de la interpretación de Bach por análogos procesos.
150 1206 1580 1251 Geatro Renl.-El movimiento del cartel desde mi última crónica acusa las des¬
104 1246 1577 1297 pedidas de la Rriesten-Rabl, la Storchia y Rousseliére, Olello con la Gagliardi, Paoll y
105 1299 1580 1341 Benedetti, Lohengrin con las señoras De Lerma y Guerrini y Viñas, Rigoletto con
105 1344 1580 1386 la Domar primero, con Josefina Sanz después, Macuez y Nani, Aida con las señoras
107 1384 1582 1432 Gagllardi y Guerrini, y Scampini como tenor, y el estreno de Resurrección, ya anun¬
105 1429 1580 1477 clado en mi áltima crónica. En las óperas nuevamente puestas hay que apuntar los éxi¬
105 1474 1580 1522 tos de la Gagliardi en Otello y Aida, los de Paoli, Scampini y Viñas en sus obras res¬
105 1516 890 1567 pectivas, y el de Macnez y Nani en Riavletto.
149 1561 1583 1610 Del-estreno de Resurrección poco debo decir. La célebre novela de Tolstoi, ha ser¬
109 1607 1583 1657 vido de base á César Hannau para compendiar en su libro unas cuantas escenas, á las
109 1654 1585 1703 que puso música un joven compositor italiano, á quien no habia oído nombrar antes de
107 1702 1583 1750 ahora: Francó Alfano. La obra no gustó y hasta motivó otra protesta de los abonados
109 1752 1585 1795 cuando se hacia la tercera ó cuarta vez. La critica trató, en general, despiadadamente
109 1788 1587 1840 al autor, lamentando que mientras el Teatro Real está casi cerrado para los composito¬
109 1841 1583 1885 res esgañoles, se abi an sus puertas á jóvenes que empiezan su carrera en otros paises,
109 1882 1585 1930 sin que sus obras traigan el marchamo de la celebridad. Alfano es en su ópera un Pue¬
109 1922 1585 1975 ciniein Puecini: los precedimientos, la instrumentación, la dirección artíatica van por
109 1973 1587 2021 el eendero delccélebre maeetro italiano, pero fáltale su calor, sus cosas, ese encanto
110 2021 1587 2066 quepararuna partá del público tienen las melodías de Boheme y de Toeca. A mi juicio
110 2063 1587 2111 Alfano no es ningún tonto; tiene talento y así como en Resurrección, me parece que
110 2108 1587 2156 el cuentó acto ee mejor que el tercero, el tercero que el segundo y el segudo quetel
110 2154 1242 2201 primero, asl ereo también que ha de seguir subiendo y mejorando.
150 2202 1590 2244 Ysgara termimar conel Teatro Real, sólo resta decir, que ha sido adiudicado á los
112 2249 1588 2292 miemos empresarios actuales, señores Callaja y Boceta, por cinco años foraosoe ycin¬
113 2299 385 2339 co volantarios.
1086 2337 1487 2393 MIGUEL SALVADOR.
152 2401 444 2441 nde Enero de r9i2.
728 2535 977 2576 SIeca
495 2827 1275 2884 O Biblioteca Nacional de España
