1789 2895
793 152 926 204 - Yo-
254 239 1460 339 RECUERDOS DE BEETHOVEN
173 440 1589 485 Algunos críticos han suscitado recientemente la exactitud de los datos referentes á
120 487 1586 527 la impresión que hizo el estreno de la IXª Sinfonía y si Beethoven pudo ó no escu¬
119 524 250 572 charla.
173 580 1587 619 Con este motivo se recuerda que es terminante la declaración de un testigo presente.
119 614 1003 664 cial publicado en Allgemeine Musikzeitung en 1907.
172 669 1586 710 En esta fecha contaba Mme. Grebner 92 años, su memoria era felicisima, y recor¬
119 714 1311 754 Daba que fue cantora en los coros de la Novena cuando fue estrenada.
151 762 1589 800 La señora Grebner tenía entonces 16 años y recuerda perfectamente la impresión.
122 805 1592 845 trájica que Beethoven produjo en sus intérpretes. Habíase sentado el día del estreno
120 842 1592 891 en medio de los ejecutantes, de espaldas al público, y trataba de oir algún sonido; pa¬
122 897 1584 937 saba las hojas de su partitura como si fuera siguiendo la ejecución... pero se notó bien
119 932 1584 984 pronto que no las regresaron apropiadamente. Cuando al final hubo terminado, aún seguía
122 984 397 1026 volviendo hojas.
167 1022 1583 1072 Entonces, alguien le tocó en el hombro (l) y al volverse Beethoven vio las manos.
119 1069 1058 1117 que aplaudian, los pañuelos que saludaban y se inclinaban.
176 1121 1592 1162 El efecto de esta primera ejecución fue inmenso: los «bravos» surgían en medio de
123 1166 1592 1209 los diferentes fragmentos; la introducción de los timbales en el scherzo se demostró
123 1214 1103 1252 como un rasgo de genio y provocó un entusiasta aplauso.
168 1256 1592 1296 Un día que la señorita Grebner se paseaba con unas amigas por el Graben, una de
122 1294 1586 1342 ellas exclamaron: «Mirad á Beethoven». Todas se detuvieron para verle pasar, contemplando
123 1347 1589 1394 plándole con respeto, y él á su vez, también se paró á mirarlas con sus lentes y siguió
125 1397 421 1434 luego su camino.
175 1439 1591 1479 Era muy raro verle por la calle. En cambio á Schubert se le veía frecuentemente
117 1479 1591 1529 paseando por las fortificaciones, por los jardines, ó en los teatros, su buena cara de
122 1527 355 1569 vienés jovial.
173 1574 1591 1617 Un día en que recientemente la señora Grebner felicitó á Weintgarner por un eje¬
123 1611 1000 1664 Cución de la V.ª Sinfonía y éste replicara modesto:
175 1664 1253 1706 -Las sintonías de Beethoven son el Evangelio de los músicos.
173 1709 780 1749 Hubo de decirle a la referida señora:
172 1754 1472 1796 -Quien hubiera dicho eso en tiempo de Beethoven hubiera pasado por loco.
168 1799 1591 1841 Por último, la señora Grebner pronuncia el nombre de Beethoven acentuando la ó,
117 1847 1592 1897 según la costumbre vienesa. Los alemanes suelen pronunciarlo aceutuando la primera.
119 1883 247 1931 sílaba.
548 2077 1163 2147 Necrología
170 2258 1594 2298 Ha muerto recientemente en Madrid, un compositor bilbaino que tuvo su hora de ce¬
119 2299 1592 2343 lebridad local y decierto prestigio en los círculos musicales españoles. Cleto Zabala
119 2340 1595 2388 fué discipulo de don Nicolás Ledesma y pronto se distinguió de entre el grupo de jóvenes
120 2391 1592 2431 nes que acudía de todo el país vascongado á recibir los consejos de aquel insigne maes¬
120 2435 1594 2481 tro. La composición de una ópera española en un acto, «La hija del pescador», le valió
120 2476 1594 2523 una pensión de la Diputación de Vizcaya, con lo que pudo perfeccionar sus conocimientos
120 2520 1591 2571 tos en el extranjero y visitando los principales centros musicales de Alemania, Francia,
122 2562 405 2613 Bélgica e Italia.
141 2655 695 2695 (1) Fue la soprano Carolina Unger.
501 2835 1287 2890 Biblioteca Nacional de España
