1766 2881
834 275 986 328 - 22-
174 372 1647 419 ban la preferencia del regio artista. El vencedor de Rosbach y amigo de Voltaire de¬
171 420 1647 465 rrochaba el sentimiento en los cantabiles; hasta el punto de arrancar lágrimas á los
174 472 491 508 oyentes sensibles.
219 505 1647 555 Es lástima que tuviese el aliento corto y que, á causa de ello, se tomase ciertas li¬
172 553 610 601 bertades con los tiempos.
224 603 1649 645 La flauta era para él un amigo de todos los días y la llevaba consigo en todas sits
174 651 361 693 campañas.
227 689 1650 736 Cuando, al envejecer, comenzó á sufrir de la gota, sus dedos se hicieron menos
176 744 1650 784 ágiles, perdió además un diente y en el invierno de I778 tuvo que renunciar á tocar.
176 784 1649 827 Entonces es cuando escribió á su amigo Franz Benda: «He perdido mi mejor amigo.»
227 822 1649 875 La ópera de Federico el Grande, «ll Re Pastore», se representará el 2 de Febrero
179 870 1037 920 próximo en el teatro del Conservatorio de Berlín.
835 937 991 974 -- 6c¬
225 989 1653 1032 En una entrev ista que ha tenido Félix Weingartner con un colaborador del Berli¬
176 1027 1652 1080 ner Zeitung, le ha hecho saber que está termina ndo una ópera titulada «Cain» y cuyos
176 1075 1316 1125 personajes son Adán, Eva, Caín y Abel. La obra durará dos horas.
232 1125 1653 1170 Weingartner tiene ya ofertas de cuatro te atros franceses que quieren represen¬
179 1166 289 1214 tarla.
838 1218 984 1266 --8-
228 1270 1653 1323 Autobiografia de Mauriclo Aoszlrovvgky.- El conocido compo¬
177 1318 1655 1370 sitor-pianista tiene un carácter muy espiritual, y bien conocidas son sus donosas
177 1370 398 1416 ocurrencias.
232 1419 1653 1461 Una de éstas es su propia autobiografía, tal como la cuenta á su amigo M. Serabo¬
182 1458 350 1504 Dice así;
235 1499 978 1549 «Nací el 23 de Agosto de 1845, en Breslau.
228 1544 1657 1598 Escogí para nacer este mes popque esperaba que mi venida al mundo iria acompaña¬
180 1600 1658 1642 da por algún ciclón, viento que desempeña un papel muy importante en las biogratias
180 1634 1658 1688 de todos los grandes hombres. Desgraciadamente, por culpa del buen tiempo no se ve¬
179 1685 1660 1735 rificó la consabida tempestad que ha acompañado el nacimiento de tantos centenares
180 1731 1023 1778 de hombres de mucha menos importancia que yo.
232 1783 1666 1823 Irritado por esta injusticia decidi vengarme del mundo tocando el piano, y comencé.
180 1821 1573 1871 á estudiarlo en Breslau, siguiendo después en Berlin bajo la dirección de Rullak.
235 1864 1661 1915 Luego, á despecho de la instrucción teórica de Riel y WUrst, me entró una ardiente
182 1917 1661 1959 comezón de componer. En poco tiempo cometi una obertura, un concierto de piano,
184 1962 1661 2007 dos sintonias, varias sonatas para violín y piano, canciones, etc.; en total, unas veinte
185 2005 305 2051 obras.
236 2045 1663 2095 Con mucho gusto le enviarla á usted la partitura de mi Concierto, pero no lo hago
185 2099 1660 2147 por dos razones: la primera porque el concierto no es digno de tal honor; y la segunda,
184 2138 1663 2191 pórque me es de gran utilidad-dadas sus dimensiones, toda vez que tiene máa de 409
184 2189 1663 2235 páginas-pues sirve para aumentar la altura de mi taburete de piano, cuando me dedico
187 2239 861 2279 á estudiar cosas de más valor artistico.
240 2283 1665 2324 Mi importancia como pian ista ya la conoce usted. He dado conciertos en Francia,
187 2320 1666 2368 en Alemania, y pronto he de volver á Berlin, en donde ya están trabajando día y noche
188 2365 1669 2415 sin cesar, preparándome una ovación expontánea, para contestar á la cual estoy escri¬
188 2418 1665 2460 biendo el discurso de gracias que habré de improvisar al verme sorprendido de tan
188 2458 531 2508 agradable manera.»
883 2605 968 2698 CA
488 2821 1274 2876 O Biblioteca Nacional de España
