1813 2910
839 203 993 258 -28-
469 321 1356 391 PUBLICACIUNES RECIBUAS
195 499 1628 548 AL MAESTRO PEDRELL.-ESCRITOS REORTASTICOS
228 598 1649 640 De todos los actos celebrados en homenaje del maestro Pedrell por la ciudad de
181 646 1648 695 Tortosa, su cuna, ninguno más práctico y menos efimero que el de reunir en un vo¬
177 704 1649 750 lumen lo que, acerca del insigne compositor y erudito musicólogo, han escrito autori¬
176 761 1651 803 zadas plumas españolas y extranjeras, muchas de ellas célebres. En efecto, cuando se
176 813 1648 860 encuentra entre los que han contribuído á formar este libro, nombres como el de Rie¬
177 869 1652 913 mann, Dom Mocquereau, Bellaigue, Calvocoressi, Curzon, Tebaldini, por no citar más
176 929 1649 970 que los extranjeros, se penetra uno de la importancia que se concede á la obra y á la
177 982 1649 1024 personalidad de Pedrell en la más alta intelectualidad musical europea, y no puede evi¬
177 1034 786 1078 tarse cierto movimiento de orgullo.
234 1092 1649 1133 «Escritos Heortásticos» llaman los compiladores de estos trabajos á los que con¬
177 1138 1651 1188 tiene el volumen, y explican en el Preludio que han adoptado este nombre, tomado de
177 1193 1652 1243 raices griegas, para designar un concepto de fiesta familiar, de pueblo, en vez de ho¬
179 1257 1651 1298 menaje, indicador más bien de sumisión y acatamiento. La obra consta de un tomo
176 1304 1649 1353 principal y un apéndice, conteniendo éste, además de la reproducción de la placa colo¬
177 1364 1648 1411 cada en la casa nativa del maestro, su biogratía, el Catálogo general de sus obras,
177 1414 1649 1461 Notas bibliográficas, Indice de los escritos Heortásticos, por materias y por autores,
177 1467 1648 1518 y un indice general. El primer tomo contiene primero un frontispicio, con retrato y
177 1519 1651 1571 autógrafo del maestro, y comienza con un Breve de S. S. Pio X y cartas de adhesióu
179 1582 1649 1626 de los Arzobispos de Sevilla, Valencia y Valladolid, Obispos de Mallorca, Tortosa y
181 1629 1651 1679 de Ulrgel, Dom Mocquereau, Enrico Bossi, Gius, Terrabugio, Bellaigue, y P. Otaño.
231 1691 1652 1734 Los llamados Escritos Heortásticos son numerosísimos y están suscriptos por una
181 1746 1651 1791 gran parte de cuantos en España se ocupan de literatura musical, además de los ex¬
179 1794 1200 1841 tranjeros que hemos citado y otros muchos menos notorios.
232 1846 1652 1897 Gran parte de estos trabajos se dedican á ensalzar la personalidad artistica de Pe¬
181 1909 1651 1952 drell, tomada en conjunto, estudiándola otros en sus diversos aspectos, y concretán¬
181 1964 1654 2007 dose algunos al examen de cada una de sus obras principales. Así vemos recopilados
181 2012 1654 2062 luminosos estudios críticos sobre «Los Pirineos», de Bellaigue y Mitjana, y sobre «La
181 2070 1656 2119 Celestina» de estos dos escritores, Millet y Bonaventura, sin contar los que se ocupan
182 2119 1656 2174 de estas dos importantes producciones y del «Comité Arnau» al tratar del drama lírico
182 2179 344 2235 español.
236 2229 1657 2282 La presentación material de esta obra es digna de su contenido y el todo honra
181 2289 1656 2339 sobre manera á los organizadores del homenaje al maestro Pedreil, una de las más
182 2345 1656 2397 justas glorificaciones que se han hecho en nuestra patria al talento y al saber, no siem¬
182 2400 637 2450 reconocidos y ensalzados.
1513 2434 1620 2492 l.Z.
511 2848 1295 2905 O Biblioteca Nacional de Españal
858 2560 889 2677 L
